@article{LeCun2015,
abstract = {Deep learning allows computational models that are composed of multiple processing layers to learn representations of data with multiple levels of abstraction. These methods have dramatically improved the state-of-the-art in speech recognition, visual object recognition, object detection and many other domains such as drug discovery and genomics. Deep learning discovers intricate structure in large data sets by using the backpropagation algorithm to indicate how a machine should change its internal parameters that are used to compute the representation in each layer from the representation in the previous layer. Deep convolutional nets have brought about breakthroughs in processing images, video, speech and audio, whereas recurrent nets have shone light on sequential data such as text and speech.},
annote = {NULL},
archivePrefix = {arXiv},
arxivId = {arXiv:1312.6184v5},
author = {LeCun, Yann and Bengio, Yoshua and Hinton, Geoffrey},
doi = {10.1038/nature14539},
eprint = {arXiv:1312.6184v5},
file = {:home/francois/.local/share/data/Mendeley Ltd./Mendeley Desktop/Downloaded/LeCun, Bengio, Hinton - 2015 - Deep learning.pdf:pdf},
isbn = {9780521835688},
issn = {0028-0836},
journal = {Nature},
number = {7553},
pages = {436--444},
pmid = {10463930},
title = {{Deep learning}},
url = {http://dx.doi.org/10.1038/nature14539},
volume = {521},
year = {2015}
}
@ARTICLE{Lanusse2017,
   author = {{Lanusse}, F. and {Ma}, Q. and {Li}, N. and {Collett}, T.~E. and 
	{Li}, C.-L. and {Ravanbakhsh}, S. and {Mandelbaum}, R. and {Poczos}, B.
	},
    title = "{CMU DeepLens: Deep Learning For Automatic Image-based Galaxy-Galaxy Strong Lens Finding}",
  journal = {ArXiv e-prints},
archivePrefix = "arXiv",
   eprint = {1703.02642},
 primaryClass = "astro-ph.IM",
 keywords = {Astrophysics - Instrumentation and Methods for Astrophysics, Astrophysics - Cosmology and Nongalactic Astrophysics, Astrophysics - Astrophysics of Galaxies},
     year = 2017,
    month = mar,
   adsurl = {http://adsabs.harvard.edu/abs/2017arXiv170302642L},
  adsnote = {Provided by the SAO/NASA Astrophysics Data System}
}
@article{He2016,
abstract = {Deep residual networks have emerged as a family of extremely deep architectures showing compelling accuracy and nice convergence behaviors. In this paper, we analyze the propagation formulations behind the residual building blocks, which suggest that the forward and backward signals can be directly propagated from one block to any other block, when using identity mappings as the skip connections and after-addition activation. A series of ablation experiments support the importance of these identity mappings. This motivates us to propose a new residual unit, which makes training easier and improves generalization. We report improved results using a 1001-layer ResNet on CIFAR-10 (4.62{\%} error) and CIFAR-100, and a 200-layer ResNet on ImageNet. Code is available at: https://github.com/KaimingHe/resnet-1k-layers},
annote = {NULL},
archivePrefix = {arXiv},
arxivId = {1603.05027},
author = {He, Kaiming and Zhang, Xiangyu and Ren, Shaoqing and Sun, Jian},
eprint = {1603.05027},
file = {:home/francois/Downloads/1603.05027v3.pdf:pdf},
journal = {ArXiv e-prints},
month = {mar},
number = {1},
pages = {1--15},
title = {{Identity Mappings in Deep Residual Networks}},
url = {https://github.com/KaimingHe/resnet-1k-layers http://arxiv.org/abs/1603.05027},
year = {2016}
}
@inproceedings{He2015a,
abstract = {Rectified activation units (rectifiers) are essential for state-of-the-art neural networks. In this work, we study rectifier neural networks for image classification from two aspects. First, we propose a Parametric Rectified Linear Unit (PReLU) that generalizes the traditional rectified unit. PReLU improves model fitting with nearly zero extra computational cost and little overfitting risk. Second, we derive a robust initialization method that particularly considers the rectifier nonlinearities. This method enables us to train extremely deep rectified models directly from scratch and to investigate deeper or wider network architectures. Based on our PReLU networks (PReLU-nets), we achieve 4.94{\%} top-5 test error on the ImageNet 2012 classification dataset. This is a 26{\%} relative improvement over the ILSVRC 2014 winner (GoogLeNet, 6.66{\%}). To our knowledge, our result is the first to surpass human-level performance (5.1{\%}, Russakovsky et al.) on this visual recognition challenge.},
annote = {NULL},
archivePrefix = {arXiv},
arxivId = {1502.01852},
author = {He, Kaiming and Zhang, Xiangyu and Ren, Shaoqing and Sun, Jian},
booktitle = {2015 IEEE International Conference on Computer Vision (ICCV)},
doi = {10.1109/ICCV.2015.123},
eprint = {1502.01852},
file = {:home/francois/.local/share/data/Mendeley Ltd./Mendeley Desktop/Downloaded/He et al. - 2015 - Delving Deep into Rectifiers Surpassing Human-Level Performance on ImageNet Classification.pdf:pdf},
isbn = {978-1-4673-8391-2},
issn = {15505499},
month = {dec},
pages = {1026--1034},
publisher = {IEEE},
title = {{Delving Deep into Rectifiers: Surpassing Human-Level Performance on ImageNet Classification}},
url = {http://arxiv.org/abs/1502.01852 http://ieeexplore.ieee.org/document/7410480/},
volume = {abs/1502.0},
year = {2015}
}
@book{wiener1964extrapolation,
  title={Extrapolation, interpolation, and smoothing of stationary time series: with engineering applications},
  author={Wiener, N.},
  lccn={49010329},
  series={Technology press books in science and engineering},
  url={https://books.google.com.br/books?id=A6QgAAAAMAAJ},
  year={1964},
  publisher={Technology Press of the Massachusetts Institute of Technology}
}

@article{rebentrost2014quantum,
  title={Quantum support vector machine for big data classification},
  author={Rebentrost, Patrick and Mohseni, Masoud and Lloyd, Seth},
  journal={Physical review letters},
  volume={113},
  number={13},
  pages={130503},
  year={2014},
  publisher={APS}
}

@ARTICLE{2017A&A...597A.135B,
   author = {{Bom}, C.~R. and {Makler}, M. and {Albuquerque}, M.~P. and {Brandt}, C.~H.
	},
    title = "{A neural network gravitational arc finder based on the Mediatrix filamentation method}",
  journal = {\aap},
archivePrefix = "arXiv",
   eprint = {1607.04644},
 keywords = {gravitational lensing: strong, techniques: image processing, methods: numerical},
     year = 2017,
    month = jan,
   volume = 597,
      eid = {A135},
    pages = {A135},
      doi = {10.1051/0004-6361/201629159},
   adsurl = {http://adsabs.harvard.edu/abs/2017A%26A...597A.135B},
  adsnote = {Provided by the SAO/NASA Astrophysics Data System}
}

@article{hartley2017support,
author = {Hartley, P. and Flamary, R. and Jackson, N. and Tagore, A. S. and Metcalf, R. B.},
title = {Support vector machine classification of strong gravitational lenses},
journal = {Monthly Notices of the Royal Astronomical Society},
volume = {471},
number = {3},
pages = {3378-3397},
year = {2017},
doi = {10.1093/mnras/stx1733},
URL = { + http://dx.doi.org/10.1093/mnras/stx1733},
eprint = {/oup/backfile/content_public/journal/mnras/471/3/10.1093_mnras_stx1733/2/stx1733.pdf}
}

@ARTICLE{2007A&A...461..813C,
   author = {{Cabanac}, R.~A. and {Alard}, C. and {Dantel-Fort}, M. and {Fort}, B. and 
	{Gavazzi}, R. and {Gomez}, P. and {Kneib}, J.~P. and {Le F{\`e}vre}, O. and 
	{Mellier}, Y. and {Pello}, R. and {Soucail}, G. and {Sygnet}, J.~F. and 
	{Valls-Gabaud}, D.},
    title = "{The CFHTLS strong lensing legacy survey. I. Survey overview and T0002 release sample}",
  journal = {\aap},
   eprint = {astro-ph/0610362},
 keywords = {gravitational lensing, surveys, cosmology: dark matter, galaxies: fundamental parameters, galaxies: clusters: general, galaxies: halos},
     year = 2007,
    month = jan,
   volume = 461,
    pages = {813-821},
      doi = {10.1051/0004-6361:20065810},
   adsurl = {http://adsabs.harvard.edu/abs/2007A%26A...461..813C},
  adsnote = {Provided by the SAO/NASA Astrophysics Data System}
}

@ARTICLE{2012ApJ...749...38M,
   author = {{More}, A. and {Cabanac}, R. and {More}, S. and {Alard}, C. and 
	{Limousin}, M. and {Kneib}, J.-P. and {Gavazzi}, R. and {Motta}, V.
	},
    title = "{The CFHTLS-Strong Lensing Legacy Survey (SL2S): Investigating the Group-scale Lenses with the SARCS Sample}",
  journal = {\apj},
archivePrefix = "arXiv",
   eprint = {1109.1821},
 keywords = {dark matter, gravitational lensing: strong, methods: data analysis, surveys},
     year = 2012,
    month = apr,
   volume = 749,
      eid = {38},
    pages = {38},
      doi = {10.1088/0004-637X/749/1/38},
   adsurl = {http://adsabs.harvard.edu/abs/2012ApJ...749...38M},
  adsnote = {Provided by the SAO/NASA Astrophysics Data System}
}

@ARTICLE{2006astro.ph..6757A,
   author = {{Alard}, C.},
    title = "{Automated detection of gravitational arcs}",
  journal = {ArXiv Astrophysics e-prints},
   eprint = {astro-ph/0606757},
 keywords = {Astrophysics},
     year = 2006,
    month = jun,
   adsurl = {http://adsabs.harvard.edu/abs/2006astro.ph..6757A},
  adsnote = {Provided by the SAO/NASA Astrophysics Data System}
}

@ARTICLE{2015arXiv151107289C,
   author = {{Clevert}, D.-A. and {Unterthiner}, T. and {Hochreiter}, S.},
    title = "{Fast and Accurate Deep Network Learning by Exponential Linear Units (ELUs)}",
  journal = {ArXiv e-prints},
archivePrefix = "arXiv",
   eprint = {1511.07289},
 primaryClass = "cs.LG",
 keywords = {Computer Science - Learning},
     year = 2015,
    month = nov,
   adsurl = {http://adsabs.harvard.edu/abs/2015arXiv151107289C},
  adsnote = {Provided by the SAO/NASA Astrophysics Data System}
}

@ARTICLE{2012arXiv1207.0580H,
   author = {{Hinton}, G.~E. and {Srivastava}, N. and {Krizhevsky}, A. and
        {Sutskever}, I. and {Salakhutdinov}, R.~R.},
    title = "{Improving neural networks by preventing co-adaptation of feature detectors}",
  journal = {ArXiv e-prints},
archivePrefix = "arXiv",
   eprint = {1207.0580},
 keywords = {Computer Science - Neural and Evolutionary Computing, Computer Science - Computer Vision and Pattern Recognition, Computer Science - Learning},
     year = 2012,
    month = jul,
   adsurl = {http://adsabs.harvard.edu/abs/2012arXiv1207.0580H},
  adsnote = {Provided by the SAO/NASA Astrophysics Data System}
}

@ARTICLE{2014arXiv1412.6980K,
   author = {{Kingma}, D.~P. and {Ba}, J.},
    title = "{Adam: A Method for Stochastic Optimization}",
  journal = {ArXiv e-prints},
archivePrefix = "arXiv",
   eprint = {1412.6980},
 primaryClass = "cs.LG",
 keywords = {Computer Science - Learning},
     year = 2014,
    month = dec,
   adsurl = {http://adsabs.harvard.edu/abs/2014arXiv1412.6980K},
  adsnote = {Provided by the SAO/NASA Astrophysics Data System}
}

@article{JMLR:v15:srivastava14a,
  author  = {Nitish Srivastava and Geoffrey Hinton and Alex Krizhevsky and Ilya Sutskever and Ruslan Salakhutdinov},
  title   = {Dropout: A Simple Way to Prevent Neural Networks from Overfitting},
  journal = {Journal of Machine Learning Research},
  year    = {2014},
  volume  = {15},
  pages   = {1929-1958},
  url     = {http://jmlr.org/papers/v15/srivastava14a.html}
}

@Unpublished{Sonnenfeld17,
author = {Sonnenfeld et al.},
title = {?},
note = {PASJ, in prep.},
year = {2017}
}

    @article{symmetry,
       author = {{Dieleman}, S. and {De Fauw}, J. and {Kavukcuoglu}, K.},
        title = "{Exploiting Cyclic Symmetry in Convolutional Neural Networks}",
      journal = {International Conference on Machine Learning (ICML)},
         year = 2016,
    }

    @article{Fukushima1980,
    author="Fukushima, Kunihiko",
    title="Neocognitron: A self-organizing neural network model for a mechanism of pattern recognition unaffected by shift in position",
    journal="Biological Cybernetics",
    year="1980",
    volume="36",
    number="4",
    pages="193--202",
    issn="1432-0770",
    doi="10.1007/BF00344251",
    url="http://dx.doi.org/10.1007/BF00344251"
    }
    @article{Lecun1998, 
    author={Y. Lecun and L. Bottou and Y. Bengio and P. Haffner}, 
    journal={Proceedings of the IEEE}, 
    title={Gradient-based learning applied to document recognition}, 
    year={1998}, 
    volume={86}, 
    number={11}, 
    pages={2278-2324}, 
    keywords={backpropagation;convolution;multilayer perceptrons;optical character recognition;2D shape variability;GTN;back-propagation;cheque reading;complex decision surface synthesis;convolutional neural network character recognizers;document recognition;document recognition systems;field extraction;gradient based learning technique;gradient-based learning;graph transformer networks;handwritten character recognition;handwritten digit recognition task;high-dimensional patterns;language modeling;multilayer neural networks;multimodule systems;performance measure minimization;segmentation recognition;Character recognition;Feature extraction;Hidden Markov models;Machine learning;Multi-layer neural network;Neural networks;Optical character recognition software;Optical computing;Pattern recognition;Principal component analysis}, 
    doi={10.1109/5.726791}, 
    ISSN={0018-9219}, 
    month={Nov},}
    @article{norm_prop,
       author = {{Arpit}, D. and {Zhou}, Y. and {Kota}, B.~U. and {Govindaraju}, V.},
        title = "{Normalization Propagation: A Parametric Technique for Removing Internal Covariate Shift in Deep Networks}",
      journal = {International Conference on Machine Learning (ICML)},
     keywords = {Statistics - Machine Learning, Computer Science - Learning},
         year = 2016,
    }
    @article{batch_norm,
       author = {{Ioffe}, S. and {Szegedy}, C.},
        title = "{Batch Normalization: Accelerating Deep Network Training by Reducing Internal Covariate Shift}",
      journal = {Journal of Machine Learning Research},
         year = 2015,
        month = feb,
    }
    @article{adam,
       author = {{Kingma}, D.~P. and {Ba}, J.},
        title = "{Adam: A Method for Stochastic Optimization}",
      journal = {International Conference on Learning Representations},
         year = 2015,
    }
    @article{dropout,
        author  = {Nitish Srivastava and Geoffrey Hinton and Alex Krizhevsky and Ilya Sutskever and Ruslan Salakhutdinov},
        title   = {Dropout: A Simple Way to Prevent Neural Networks from Overfitting},
        journal = {Journal of Machine Learning Research},
        year    = {2014},
        volume  = {15},
        pages   = {1929-1958},
    }

@ARTICLE{2014MNRAS.445.1954P,
   author = {{Petkova}, M. and {Metcalf}, R.~B. and {Giocoli}, C.},
    title = "{GLAMER - II. Multiple-plane gravitational lensing}",
  journal = {\mnras},
archivePrefix = "arXiv",
   eprint = {1312.1536},
 keywords = {gravitational lensing: strong, gravitational lensing: weak, dark matter, large-scale structure of Universe},
     year = 2014,
    month = dec,
   volume = 445,
    pages = {1954-1966},
      doi = {10.1093/mnras/stu1860},
   adsurl = {http://adsabs.harvard.edu/abs/2014MNRAS.445.1954P},
  adsnote = {Provided by the SAO/NASA Astrophysics Data System}
}
@ARTICLE{2014MNRAS.445.1942M,
   author = {{Metcalf}, R.~B. and {Petkova}, M.},
    title = "{GLAMER - I. A code for gravitational lensing simulations with adaptive mesh refinement}",
  journal = {\mnras},
archivePrefix = "arXiv",
   eprint = {1312.1128},
 keywords = {gravitational lensing: strong, gravitational lensing: weak, gravitational lensing: micro, methods: numerical, cosmology: miscellaneous},
     year = 2014,
    month = dec,
   volume = 445,
    pages = {1942-1953},
      doi = {10.1093/mnras/stu1859},
   adsurl = {http://adsabs.harvard.edu/abs/2014MNRAS.445.1942M},
  adsnote = {Provided by the SAO/NASA Astrophysics Data System}
}
@ARTICLE{2013MNRAS.428..778O,
   author = {{Overzier}, R. and {Lemson}, G. and {Angulo}, R.~E. and {Bertin}, E. and 
	{Blaizot}, J. and {Henriques}, B.~M.~B. and {Marleau}, G.-D. and 
	{White}, S.~D.~M.},
    title = "{The Millennium Run Observatory: first light}",
  journal = {\mnras},
archivePrefix = "arXiv",
   eprint = {1206.6923},
 keywords = {astronomical data bases: miscellaneous, galaxies: clusters: general, galaxies: evolution, cosmology: observations, cosmology: theory, large-scale structure of Universe},
     year = 2013,
    month = jan,
   volume = 428,
    pages = {778-803},
      doi = {10.1093/mnras/sts076},
   adsurl = {http://adsabs.harvard.edu/abs/2013MNRAS.428..778O},
  adsnote = {Provided by the SAO/NASA Astrophysics Data System}
}



@article{scikit-learn,
 title={Scikit-learn: Machine Learning in {P}ython},
 author={Pedregosa, F. and Varoquaux, G. and Gramfort, A. and Michel, V.
         and Thirion, B. and Grisel, O. and Blondel, M. and Prettenhofer, P.
         and Weiss, R. and Dubourg, V. and Vanderplas, J. and Passos, A. and
         Cournapeau, D. and Brucher, M. and Perrot, M. and Duchesnay, E.},
 journal={Journal of Machine Learning Research},
 volume={12},
 pages={2825--2830},
 year={2011}
}


@article{scikit-image,
 title = {scikit-image: image processing in {P}ython},
 author = {van der Walt, {S}t\'efan and {S}ch\"onberger, {J}ohannes {L}. and
           {Nunez-Iglesias}, {J}uan and {B}oulogne, {F}ran\c{c}ois and {W}arner,
           {J}oshua {D}. and {Y}ager, {N}eil and {G}ouillart, {E}mmanuelle and
           {Y}u, {T}ony and the scikit-image contributors},
 year = {2014},
 month = {6},
 keywords = {Image processing, Reproducible research, Education,
             Visualization, Open source, Python, Scientific programming},
 volume = {2},
 pages = {e453},
 journal = {PeerJ},
 issn = {2167-8359},
 url = {http://dx.doi.org/10.7717/peerj.453},
 doi = {10.7717/peerj.453}
}

@book{vapnik79estimation,
  abstract = {more basis, english translation by Springer Verlag, NY, 1982},
  added-at = {2007-09-05T18:37:16.000+0200},
  address = {USSR},
  author = {Vapnik, V. N.},
  biburl = {http://www.bibsonomy.org/bibtex/2069fb1845639ed6b60fca7449f211a5b/sb3000},
  interhash = {2b5bc3316bf57027aaa9a32505ea0a4c},
  intrahash = {069fb1845639ed6b60fca7449f211a5b},
  keywords = {learning-theory svm kernel},
  publisher = {Nauka},
  timestamp = {2010-10-07T14:13:57.000+0200},
  title = {Estimation of Dependences Based on Empirical Data [in Russian]},
  year = 1979
}


@Article{Cortes1995,
author="Cortes, Corinna
and Vapnik, Vladimir",
title="Support-Vector Networks",
journal="Machine Learning",
year="1995",
volume="20",
number="3",
pages="273--297",
abstract="The support-vector network is a new learning machine for two-group classification problems. The machine conceptually implements the following idea: input vectors are non-linearly mapped to a very high-dimension feature space. In this feature space a linear decision surface is constructed. Special properties of the decision surface ensures high generalization ability of the learning machine. The idea behind the support-vector network was previously implemented for the restricted case where the training data can be separated without errors. We here extend this result to non-separable training data.",
issn="1573-0565",
doi="10.1023/A:1022627411411",
url="http://dx.doi.org/10.1023/A:1022627411411"
}


@Article{Burges1998,
author="Burges, Christopher J.C.",
title="A Tutorial on Support Vector Machines for Pattern Recognition",
journal="Data Mining and Knowledge Discovery",
year="1998",
volume="2",
number="2",
pages="121--167",
abstract="The tutorial starts with an overview of the concepts of VC dimension and structural risk minimization. We then describe linear Support Vector Machines (SVMs) for separable and non-separable data, working through a non-trivial example in detail. We describe a mechanical analogy, and discuss when SVM solutions are unique and when they are global. We describe how support vector training can be practically implemented, and discuss in detail the kernel mapping technique which is used to construct SVM solutions which are nonlinear in the data. We show how Support Vector machines can have very large (even infinite) VC dimension by computing the VC dimension for homogeneous polynomial and Gaussian radial basis function kernels. While very high VC dimension would normally bode ill for generalization performance, and while at present there exists no theory which shows that good generalization performance is guaranteed for SVMs, there are several arguments which support the observed high accuracy of SVMs, which we review. Results of some experiments which were inspired by these arguments are also presented. We give numerous examples and proofs of most of the key theorems. There is new material, and I hope that the reader will find that even old material is cast in a fresh light.",
issn="1573-756X",
doi="10.1023/A:1009715923555",
url="http://dx.doi.org/10.1023/A:1009715923555"
}


@ARTICLE{1996A&AS..117..393B,
   author = {{Bertin}, E. and {Arnouts}, S.},
    title = "{SExtractor: Software for source extraction.}",
  journal = {\aaps},
 keywords = {METHODS: DATA ANALYSIS, TECHNIQUES: IMAGE PROCESSING, GALAXIES: PHOTOMETRY},
     year = 1996,
    month = jun,
   volume = 117,
    pages = {393-404},
      doi = {10.1051/aas:1996164},
   adsurl = {http://adsabs.harvard.edu/abs/1996A%26AS..117..393B},
  adsnote = {Provided by the SAO/NASA Astrophysics Data System}
}


@ARTICLE{2002AJ....124..266P,
   author = {{Peng}, C.~Y. and {Ho}, L.~C. and {Impey}, C.~D. and {Rix}, H.-W.
	},
    title = "{Detailed Structural Decomposition of Galaxy Images}",
  journal = {\aj},
   eprint = {astro-ph/0204182},
 keywords = {Galaxies: Bulges, Galaxies: Fundamental Parameters, Galaxies: Nuclei, Galaxies: Structure, Techniques: Image Processing, Techniques: Photometric},
     year = 2002,
    month = jul,
   volume = 124,
    pages = {266-293},
      doi = {10.1086/340952},
   adsurl = {http://adsabs.harvard.edu/abs/2002AJ....124..266P},
  adsnote = {Provided by the SAO/NASA Astrophysics Data System}
}

@Book{Feichtinger98a,
  Title                    = {{Gabor} Analysis and Algorithms},
  Annote                   = {SIGNATUR = 741.019},
  Editor                   = {Hans G. Feichtinger and Thomas Strohmer},
  Keywords                 = {HIERARCHICAL METHODS wavelets},
  Publisher                = {Birkh{\"a}user},
  Year                     = {1998},
  Series                   = {Applied and Numerical Harmonic Analysis},

  Place                    = {Favoritenstrasse 9/4th Floor/1863}
}

@MISC{Springer-verlag97computationalmodels,
    author = {N. Petkov and P. Kruizinga},
    title = {Computational Models of Visual Neurons Specialised in the Detection of Periodic and Aperiodic Oriented Visual Stimuli: Bar and Grating Cells},
    year = {1997}
}

@article {Jones1233,
	author = {Jones, J. P. and Palmer, L. A.},
	title = {An evaluation of the two-dimensional Gabor filter model of simple receptive fields in cat striate cortex},
	volume = {58},
	number = {6},
	pages = {1233--1258},
	year = {1987},
	publisher = {American Physiological Society},
	issn = {0022-3077},
	URL = {http://jn.physiology.org/content/58/6/1233},
	eprint = {http://jn.physiology.org/content/58/6/1233.full.pdf},
	journal = {Journal of Neurophysiology}
}

@inproceedings{Boser:1992:TAO:130385.130401,
 author = {Boser, Bernhard E. and Guyon, Isabelle M. and Vapnik, Vladimir N.},
 title = {A Training Algorithm for Optimal Margin Classifiers},
 booktitle = {Proceedings of the Fifth Annual Workshop on Computational Learning Theory},
 series = {COLT '92},
 year = {1992},
 isbn = {0-89791-497-X},
 location = {Pittsburgh, Pennsylvania, USA},
 pages = {144--152},
 numpages = {9},
 url = {http://doi.acm.org/10.1145/130385.130401},
 doi = {10.1145/130385.130401},
 acmid = {130401},
 publisher = {ACM},
 address = {New York, NY, USA},
} 


@ARTICLE{2009MNRAS.398.1150B,
   author = {{Boylan-Kolchin}, M. and {Springel}, V. and {White}, S.~D.~M. and 
	{Jenkins}, A. and {Lemson}, G.},
    title = "{Resolving cosmic structure formation with the Millennium-II Simulation}",
  journal = {\mnras},
archivePrefix = "arXiv",
   eprint = {0903.3041},
 primaryClass = "astro-ph.CO",
 keywords = {methods: N-body simulations , galaxies: haloes , cosmology: theory},
     year = 2009,
    month = sep,
   volume = 398,
    pages = {1150-1164},
      doi = {10.1111/j.1365-2966.2009.15191.x},
   adsurl = {http://adsabs.harvard.edu/abs/2009MNRAS.398.1150B},
  adsnote = {Provided by the SAO/NASA Astrophysics Data System}
}
@ARTICLE{2011MNRAS.413..101G,
   author = {{Guo}, Q. and {White}, S. and {Boylan-Kolchin}, M. and {De Lucia}, G. and 
	{Kauffmann}, G. and {Lemson}, G. and {Li}, C. and {Springel}, V. and 
	{Weinmann}, S.},
    title = "{From dwarf spheroidals to cD galaxies: simulating the galaxy population in a {$\Lambda$}CDM cosmology}",
  journal = {\mnras},
archivePrefix = "arXiv",
   eprint = {1006.0106},
 keywords = {galaxies: haloes, galaxies: luminosity function, mass function, cosmology: theory, dark matter, large-scale structure of Universe},
     year = 2011,
    month = may,
   volume = 413,
    pages = {101-131},
      doi = {10.1111/j.1365-2966.2010.18114.x},
   adsurl = {http://adsabs.harvard.edu/abs/2011MNRAS.413..101G},
  adsnote = {Provided by the SAO/NASA Astrophysics Data System}
}
@ARTICLE{2014A&A...566A..63J,
   author = {{Joseph}, R. and {Courbin}, F. and {Metcalf}, R.~B. and {Giocoli}, C. and 
	{Hartley}, P. and {Jackson}, N. and {Bellagamba}, F. and {Kneib}, J.-P. and 
	{Koopmans}, L. and {Lemson}, G. and {Meneghetti}, M. and {Meylan}, G. and 
	{Petkova}, M. and {Pires}, S.},
    title = "{A PCA-based automated finder for galaxy-scale strong lenses}",
  journal = {\aap},
archivePrefix = "arXiv",
   eprint = {1403.1063},
 primaryClass = "astro-ph.IM",
 keywords = {gravitational lensing: strong, techniques: image processing, methods: data analysis, dark matter, surveys, cosmological parameters},
     year = 2014,
    month = jun,
   volume = 566,
      eid = {A63},
    pages = {A63},
      doi = {10.1051/0004-6361/201423365},
   adsurl = {http://adsabs.harvard.edu/abs/2014A%26A...566A..63J},
  adsnote = {Provided by the SAO/NASA Astrophysics Data System}
}
@ARTICLE{2007A&A...472..341S,
   author = {{Seidel}, G. and {Bartelmann}, M.},
    title = "{Arcfinder: an algorithm for the automatic detection of gravitational arcs}",
  journal = {\aap},
   eprint = {astro-ph/0607547},
 keywords = {gravitational lensing, methods: data analysis, techniques: image processing},
     year = 2007,
    month = sep,
   volume = 472,
    pages = {341-352},
      doi = {10.1051/0004-6361:20066097},
   adsurl = {http://adsabs.harvard.edu/abs/2007A%26A...472..341S},
  adsnote = {Provided by the SAO/NASA Astrophysics Data System}
}

@ARTICLE{2009ApJ...694..924M,
   author = {{Marshall}, P.~J. and {Hogg}, D.~W. and {Moustakas}, L.~A. and 
	{Fassnacht}, C.~D. and {Brada{\v c}}, M. and {Schrabback}, T. and 
	{Blandford}, R.~D.},
    title = "{Automated Detection of Galaxy-Scale Gravitational Lenses in High-Resolution Imaging Data}",
  journal = {\apj},
archivePrefix = "arXiv",
   eprint = {0805.1469},
 keywords = {galaxies: elliptical and lenticular, cD, gravitational lensing, methods: data analysis, methods: statistical, surveys, techniques: miscellaneous},
     year = 2009,
    month = apr,
   volume = 694,
    pages = {924-942},
      doi = {10.1088/0004-637X/694/2/924},
   adsurl = {http://adsabs.harvard.edu/abs/2009ApJ...694..924M},
  adsnote = {Provided by the SAO/NASA Astrophysics Data System}
}

@ARTICLE{2010A&A...517A..25S,
   author = {{Sygnet}, J.~F. and {Tu}, H. and {Fort}, B. and {Gavazzi}, R.
	},
    title = "{A search for edge-on galaxy lenses in the CFHT Legacy Survey}",
  journal = {\aap},
archivePrefix = "arXiv",
   eprint = {1001.4336},
 keywords = {gravitational lensing: strong, dark matter, galaxies: spiral, galaxies: halos},
     year = 2010,
    month = jul,
   volume = 517,
      eid = {A25},
    pages = {A25},
      doi = {10.1051/0004-6361/200913977},
   adsurl = {http://adsabs.harvard.edu/abs/2010A%26A...517A..25S},
  adsnote = {Provided by the SAO/NASA Astrophysics Data System}
}

@ARTICLE{2016A&A...592A..75P,
   author = {{Paraficz}, D. and {Courbin}, F. and {Tramacere}, A. and {Joseph}, R. and 
	{Metcalf}, R.~B. and {Kneib}, J.-P. and {Dubath}, P. and {Droz}, D. and 
	{Filleul}, F. and {Ringeisen}, D. and {Sch{\"a}fer}, C.},
    title = "{The PCA Lens-Finder: application to CFHTLS}",
  journal = {\aap},
archivePrefix = "arXiv",
   eprint = {1605.04309},
 keywords = {gravitational lensing: strong, galaxies: general, surveys},
     year = 2016,
    month = jul,
   volume = 592,
      eid = {A75},
    pages = {A75},
      doi = {10.1051/0004-6361/201527971},
   adsurl = {http://adsabs.harvard.edu/abs/2016A%26A...592A..75P},
  adsnote = {Provided by the SAO/NASA Astrophysics Data System}
}
@ARTICLE{2013ExA....35...25D,
   author = {{de Jong}, J.~T.~A. and {Verdoes Kleijn}, G.~A. and {Kuijken}, K.~H. and 
	{Valentijn}, E.~A.},
    title = "{The Kilo-Degree Survey}",
  journal = {Experimental Astronomy},
archivePrefix = "arXiv",
   eprint = {1206.1254},
 keywords = {Wide-field imaging, Survey system, VLT/VST, Weak gravitational lensing, Photometric redshifts},
     year = 2013,
    month = jan,
   volume = 35,
    pages = {25-44},
      doi = {10.1007/s10686-012-9306-1},
   adsurl = {http://adsabs.harvard.edu/abs/2013ExA....35...25D},
  adsnote = {Provided by the SAO/NASA Astrophysics Data System}
}

@ARTICLE{Kingma_2014,
   author = {{Kingma}, D.~P. and {Ba}, J.},
    title = "{Adam: A Method for Stochastic Optimization}",
  journal = {ArXiv e-prints},
archivePrefix = "arXiv",
   eprint = {1412.6980},
 primaryClass = "cs.LG",
 keywords = {Computer Science - Learning},
     year = 2014,
    month = dec,
   adsurl = {http://adsabs.harvard.edu/abs/2014arXiv1412.6980K},
  adsnote = {Provided by the SAO/NASA Astrophysics Data System}
}
@article{Huang_2016,
  author    = {Gao Huang and
Yu Sun and
               Zhuang Liu and
               Daniel Sedra and
               Kilian Q. Weinberger},
  title     = {Deep Networks with Stochastic Depth},
  journal   = {CoRR},
  volume    = {abs/1603.09382},
  year      = {2016},
  url       = {http://arxiv.org/abs/1603.09382},
  timestamp = {Sat, 02 Apr 2016 11:49:48 +0200},
  biburl    = {http://dblp.uni-trier.de/rec/bib/journals/corr/
HuangSLSW16},
  bibsource = {dblp computer science bibliography, http://
dblp.org} }

@misc{Chollet_2015,
author = {François Chollet },
title = {keras},
year = {2015},
publisher = {GitHub},
journal = {GitHub repository},
howpublished = {\url{https://github.com/fchollet/keras}}, commit = {5bcac37}
}
@MISC{Bastien_2012,
        author = {Bastien, Fr{\'{e}}d{\'{e}}ric and Lamblin,
Pascal and Pascanu, Razvan and Bergstra, James and Goodfellow,
Ian J. and Bergeron, Arnaud and Bouchard, Nicolas and Bengio,
Yoshua},
         title = {Theano: new features and speed improvements},
          year = {2012},
  howpublished = {Deep Learning and Unsupervised Feature
Learning NIPS 2012 Workshop},
      abstract = {Theano is a linear algebra compiler that
optimizes a user’s symbolically-specified
mathematical computations to produce efficient low-level
implementations. In
this paper, we present new features and efficiency improvements
to Theano, and
benchmarks demonstrating Theano’s performance relative to
Torch7, a recently
introduced machine learning library, and to RNNLM, a C++ library
targeted at
￼￼￼
recurrent neural networks.}
}


@ARTICLE{avestruz_etal17,
   author = {{Avestruz}, C. and {Li}, N. and {Lightman}, M. and {Collett}, T.~E. and 

{Luo}, W.},
    title = "{Automated Lensing Learner - I: An Automated Strong Lensing Identification Pipeline}",
  journal = {ArXiv e-prints},
archivePrefix = "arXiv",
   eprint = {1704.02322},
 primaryClass = "astro-ph.IM",
 keywords = {Astrophysics - Instrumentation and Methods for Astrophysics},
     year = 2017,
    month = apr,
   adsurl = {http://adsabs.harvard.edu/abs/2017arXiv170402322A},
  adsnote = {Provided by the SAO/NASA Astrophysics Data System}
}

@ARTICLE{pedregosa_etal12,
   author = {{Pedregosa}, F. and {Varoquaux}, G. and {Gramfort}, A. and {Michel}, V. and 


{Thirion}, B. and {Grisel}, O. and {Blondel}, M. and {Prettenhofer}, P. and 
{Weiss}, R. and {Dubourg}, V. and {Vanderplas}, J. and {Passos}, A. and 
{Cournapeau}, D. and {Brucher}, M. and {Perrot}, M. and {Duchesnay}, {\'E}.
},
    title = "{Scikit-learn: Machine Learning in Python}",
  journal = {ArXiv e-prints},
archivePrefix = "arXiv",
   eprint = {1201.0490},
 primaryClass = "cs.LG",
 keywords = {Computer Science - Learning, Computer Science - Mathematical Software},
     year = 2012,
    month = jan,
   adsurl = {http://adsabs.harvard.edu/abs/2012arXiv1201.0490P},
  adsnote = {Provided by the SAO/NASA Astrophysics Data System}
}

@ARTICLE{dalalandtriggs_05,
   author = {{Dalal}, N. and {Triggs}, B.},
    title = "{Histograms of Oriented Gradients for Human Detection}",
  journal = {IEEE Computer Society Conference on Computer Vision and Pattern Recognition},
     year = 2005
}


@ARTICLE{li_etal16,
   author = {{Li}, N. and {Gladders}, M.~D. and {Rangel}, E.~M. and {Florian}, \
M.~K. and
{Bleem}, L.~E. and {Heitmann}, K. and {Habib}, S. and {Fasel}, P.
},
    title = "{PICS: Simulations of Strong Gravitational Lensing in Galaxy Clust\
ers}",
  journal = {\apj},
archivePrefix = "arXiv",
   eprint = {1511.03673},
 keywords = {galaxies: clusters: general, gravitational lensing: strong, method\
s: numerical },
     year = 2016,
    month = sep,
   volume = 828,
      eid = 54,
    pages = 54,
      doi = {10.3847/0004-637X/828/1/54},
   adsurl = {http://adsabs.harvard.edu/abs/2016ApJ...828...54L},
  adsnote = {Provided by the SAO/NASA Astrophysics Data System}
}

@ARTICLE{collett_15,
   author = {{Collett}, T.~E.},
    title = "{The Population of Galaxy-Galaxy Strong Lenses in Forthcoming Opti\
cal Imaging Surveys}",
  journal = {\apj},
archivePrefix = "arXiv",
   eprint = {1507.02657},
 keywords = {gravitational lensing: strong},
     year = 2015,
    month = sep,
   volume = 811,
      eid = {20},
    pages = {20},
      doi = {10.1088/0004-637X/811/1/20},
   adsurl = {http://adsabs.harvard.edu/abs/2015ApJ...811...20C},
  adsnote = {Provided by the SAO/NASA Astrophysics Data System}
}

@ARTICLE{1979Natur.279..381W,
    author = {{Walsh}, D. and {Carswell}, R. F. and {Weymann}, R. J.},
    title = {0957 + 561 A, B - Twin quasistellar objects or gravitational lens},
    journal = {\nat},
    year = 1979,
    month = may,
    volume = 279,
    pages = {381--384},
    url = {http://adsabs.harvard.edu/cgi-bin/nph-bib_query?bibcode=1979Natur.279..381W&db_key=AST},
    adsnote = {Provided by the NASA Astrophysics Data System}
}

@ARTICLE{2016MNRAS.455.1171M,
   author = {{Marshall}, P.~J. and {Verma}, A. and {More}, A. and {Davis}, C.~P. and others },
    title = "{SPACE WARPS - I. Crowdsourcing the discovery of gravitational lenses}",
  journal = {\mnras},
archivePrefix = "arXiv",
   eprint = {1504.06148},
 primaryClass = "astro-ph.IM",
 keywords = {gravitational lensing: strong, methods: statistical},
     year = 2016,
    month = jan,
   volume = 455,
    pages = {1171-1190},
      doi = {10.1093/mnras/stv2009},
   adsurl = {http://adsabs.harvard.edu/abs/2016MNRAS.455.1171M},
  adsnote = {Provided by the SAO/NASA Astrophysics Data System}
}

@ARTICLE{2016MNRAS.455.1191M,
   author = {{More}, A. and {Verma}, A. and {Marshall}, P.~J. and {More}, S. and others },
    title = "{SPACE WARPS- II. New gravitational lens candidates from the CFHTLS discovered through citizen science}",
  journal = {\mnras},
archivePrefix = "arXiv",
   eprint = {1504.05587},
 keywords = {gravitational lensing: strong, methods: statistical},
     year = 2016,
    month = jan,
   volume = 455,
    pages = {1191-1210},
      doi = {10.1093/mnras/stv1965},
   adsurl = {http://adsabs.harvard.edu/abs/2016MNRAS.455.1191M},
  adsnote = {Provided by the SAO/NASA Astrophysics Data System}
}

@ARTICLE{euclidSLWGwhitepaper,
   author = {SLWhitePaper},
    title = "{Euclid Science with Strong Gravitational Lenses}",
  journal = {?},
 keywords = {gravitational lensing: strong},
     year = 2017,
   volume = 0,
   pages = 0
}

@ARTICLE{2015aska.confE..84M,
   author = {{McKean}, J. and {Jackson}, N. and {Vegetti}, S. and {Rybak}, M. and 
	{Serjeant}, S. and {Koopmans}, L.~V.~E. and {Metcalf}, R.~B. and 
	{Fassnacht}, C. and {Marshall}, P.~J. and {Pandey-Pommier}, M.
	},
    title = "{Strong Gravitational Lensing with the SKA}",
  journal = {Advancing Astrophysics with the Square Kilometre Array (AASKA14)},
archivePrefix = "arXiv",
   eprint = {1502.03362},
     year = 2015,
    month = apr,
      eid = {84},
    pages = {84},
   adsurl = {http://adsabs.harvard.edu/abs/2015aska.confE..84M},
  adsnote = {Provided by the SAO/NASA Astrophysics Data System}
}
@ARTICLE{2010MNRAS.405.2579O,
   author = {{Oguri}, M. and {Marshall}, P.~J.},
    title = "{Gravitationally lensed quasars and supernovae in future wide-field optical imaging surveys}",
  journal = {\mnras},
archivePrefix = "arXiv",
   eprint = {1001.2037},
 keywords = {gravitational lensing: strong, cosmological parameters, cosmology: theory},
     year = 2010,
    month = jul,
   volume = 405,
    pages = {2579-2593},
      doi = {10.1111/j.1365-2966.2010.16639.x},
   adsurl = {http://adsabs.harvard.edu/abs/2010MNRAS.405.2579O},
  adsnote = {Provided by the SAO/NASA Astrophysics Data System}
}

@ARTICLE{2003MNRAS.341...13B,
   author = {{Browne}, I.~W.~A. and {Wilkinson}, P.~N. and {Jackson}, N.~J.~F. and others},
    title = "{The Cosmic Lens All-Sky Survey - II. Gravitational lens candidate selection and follow-up}",
  journal = {\mnras},
   eprint = {astro-ph/0211069},
 keywords = {gravitation, gravitational lensing, radio continuum: galaxies},
     year = 2003,
    month = may,
   volume = 341,
    pages = {13-32},
      doi = {10.1046/j.1365-8711.2003.06257.x},
   adsurl = {http://adsabs.harvard.edu/abs/2003MNRAS.341...13B},
  adsnote = {Provided by the SAO/NASA Astrophysics Data System}
}
@ARTICLE{2008MNRAS.389.1311J,
   author = {{Jackson}, N.},
    title = "{Gravitational lenses and lens candidates identified from the COSMOS field}",
  journal = {\mnras},
archivePrefix = "arXiv",
   eprint = {0806.3693},
 keywords = {gravitational lensing },
     year = 2008,
    month = sep,
   volume = 389,
    pages = {1311-1318},
      doi = {10.1111/j.1365-2966.2008.13629.x},
   adsurl = {http://adsabs.harvard.edu/abs/2008MNRAS.389.1311J},
  adsnote = {Provided by the SAO/NASA Astrophysics Data System}
}

@ARTICLE{2008ApJS..176...19F,
   author = {{Faure}, C. and {Kneib}, J.-P. and {Covone}, G. and {Tasca}, L. and others},
    title = "{First Catalog of Strong Lens Candidates in the COSMOS Field}",
  journal = {\apjs},
archivePrefix = "arXiv",
   eprint = {0802.2174},
 keywords = {catalogs, galaxies: statistics, gravitational lensing },
     year = 2008,
    month = may,
   volume = 176,
      eid = {19-38},
    pages = {19-38},
      doi = {10.1086/526426},
   adsurl = {http://adsabs.harvard.edu/abs/2008ApJS..176...19F},
  adsnote = {Provided by the SAO/NASA Astrophysics Data System}
}

@ARTICLE{2006ApJ...638..703B,
   author = {{Bolton}, A.~S. and {Burles}, S. and {Koopmans}, L.~V.~E. and 
	{Treu}, T. and {Moustakas}, L.~A.},
    title = "{The Sloan Lens ACS Survey. I. A Large Spectroscopically Selected Sample of Massive Early-Type Lens Galaxies}",
  journal = {\apj},
   eprint = {astro-ph/0511453},
 keywords = {Galaxies: Elliptical and Lenticular, cD, Galaxies: Evolution, Galaxies: Formation, Galaxies: Structure, Cosmology: Gravitational Lensing},
     year = 2006,
    month = feb,
   volume = 638,
    pages = {703-724},
      doi = {10.1086/498884},
   adsurl = {http://adsabs.harvard.edu/abs/2006ApJ...638..703B},
  adsnote = {Provided by the SAO/NASA Astrophysics Data System}
}

@ARTICLE{2014ApJ...785..144G,
   author = {{Gavazzi}, R. and {Marshall}, P.~J. and {Treu}, T. and {Sonnenfeld}, A.
	},
    title = "{RINGFINDER: Automated Detection of Galaxy-scale Gravitational Lenses in Ground-based Multi-filter Imaging Data}",
  journal = {\apj},
archivePrefix = "arXiv",
   eprint = {1403.1041},
 keywords = {methods: data analysis, methods: statistical, galaxies: elliptical and lenticular, cD, gravitational lensing: strong, surveys, techniques: miscellaneous },
     year = 2014,
    month = apr,
   volume = 785,
      eid = {144},
    pages = {144},
      doi = {10.1088/0004-637X/785/2/144},
   adsurl = {http://adsabs.harvard.edu/abs/2014ApJ...785..144G},
  adsnote = {Provided by the SAO/NASA Astrophysics Data System}
}

@ARTICLE{2015MNRAS.450.1441D,
   author = {{Dieleman}, S. and {Willett}, K.~W. and {Dambre}, J.},
    title = "{Rotation-invariant convolutional neural networks for galaxy morphology prediction}",
  journal = {\mnras},
archivePrefix = "arXiv",
   eprint = {1503.07077},
 primaryClass = "astro-ph.IM",
 keywords = {methods: data analysis, techniques: image processing, catalogues, galaxies: general},
     year = 2015,
    month = jun,
   volume = 450,
    pages = {1441-1459},
      doi = {10.1093/mnras/stv632},
   adsurl = {http://adsabs.harvard.edu/abs/2015MNRAS.450.1441D},
  adsnote = {Provided by the SAO/NASA Astrophysics Data System}
}
@ARTICLE{2017MNRAS.465.1959C,
   author = {{Cavuoti}, S. and {Amaro}, V. and {Brescia}, M. and {Vellucci}, C. and 
	{Tortora}, C. and {Longo}, G.},
    title = "{METAPHOR: a machine-learning-based method for the probability density estimation of photometric redshifts}",
  journal = {\mnras},
archivePrefix = "arXiv",
   eprint = {1611.02162},
 primaryClass = "astro-ph.IM",
 keywords = {techniques: photometric, galaxies: distances and redshifts, galaxies: photometry},
     year = 2017,
    month = feb,
   volume = 465,
    pages = {1959-1973},
      doi = {10.1093/mnras/stw2930},
   adsurl = {http://adsabs.harvard.edu/abs/2017MNRAS.465.1959C},
  adsnote = {Provided by the SAO/NASA Astrophysics Data System}
}

@ARTICLE{2016PASP..128j4502S,
   author = {{Sadeh}, I. and {Abdalla}, F.~B. and {Lahav}, O.},
    title = "{ANNz2: Photometric Redshift and Probability Distribution Function Estimation using Machine Learning}",
  journal = {\pasp},
archivePrefix = "arXiv",
   eprint = {1507.00490},
     year = 2016,
    month = oct,
   volume = 128,
   number = 10,
    pages = {104502},
      doi = {10.1088/1538-3873/128/968/104502},
   adsurl = {http://adsabs.harvard.edu/abs/2016PASP..128j4502S},
  adsnote = {Provided by the SAO/NASA Astrophysics Data System}
}

@ARTICLE{2017NewA...51..169S,
   author = {{Samui}, S. and {Samui Pal}, S.},
    title = "{Photo-z with CuBANz: An improved photometric redshift estimator using Clustering aided Back propagation Neural network}",
  journal = {\na},
archivePrefix = "arXiv",
   eprint = {1609.03568},
 keywords = {Methods: data analysis, Techniques: photometric, Galaxies: photometry, Galaxies: distances and redshifts},
     year = 2017,
    month = feb,
   volume = 51,
    pages = {169-177},
      doi = {10.1016/j.newast.2016.09.002},
   adsurl = {http://adsabs.harvard.edu/abs/2017NewA...51..169S},
  adsnote = {Provided by the SAO/NASA Astrophysics Data System}
}
@ARTICLE{2016ApJS..225...31L,
   author = {{Lochner}, M. and {McEwen}, J.~D. and {Peiris}, H.~V. and {Lahav}, O. and 
	{Winter}, M.~K.},
    title = "{Photometric Supernova Classification with Machine Learning}",
  journal = {\apjs},
archivePrefix = "arXiv",
   eprint = {1603.00882},
 primaryClass = "astro-ph.IM",
 keywords = {cosmology: observations, methods: data analysis, supernovae: general},
     year = 2016,
    month = aug,
   volume = 225,
      eid = {31},
    pages = {31},
      doi = {10.3847/0067-0049/225/2/31},
   adsurl = {http://adsabs.harvard.edu/abs/2016ApJS..225...31L},
  adsnote = {Provided by the SAO/NASA Astrophysics Data System}
}
@ARTICLE{2017arXiv170207675P,
   author = {{Petrillo}, C.~E. and {Tortora}, C. and {Chatterjee}, S. and 
	{Vernardos}, G. and {Koopmans}, L.~V.~E. and {Verdoes Kleijn}, G. and 
	{Napolitano}, N.~R. and {Covone}, G. and {Schneider}, P. and 
	{Grado}, A. and {McFarland}, J.},
    title = "{Finding Strong Gravitational Lenses in the Kilo Degree Survey with Convolutional Neural Networks}",
  journal = {ArXiv e-prints},
archivePrefix = "arXiv",
   eprint = {1702.07675},
 keywords = {Astrophysics - Astrophysics of Galaxies},
     year = 2017,
    month = feb,
   adsurl = {http://adsabs.harvard.edu/abs/2017arXiv170207675P},
  adsnote = {Provided by the SAO/NASA Astrophysics Data System}
}

@ARTICLE{2017MNRAS.465.4325O,
   author = {{Ostrovski}, F. and {McMahon}, R.~G. and {Connolly}, A.~J. and others},
    title = "{VDES J2325-5229 a z = 2.7 gravitationally lensed quasar discovered using morphology-independent supervised machine learning}",
  journal = {\mnras},
archivePrefix = "arXiv",
   eprint = {1607.01391},
 keywords = {gravitational lensing: strong, methods: observational, methods: statistical, quasars: general},
     year = 2017,
    month = mar,
   volume = 465,
    pages = {4325-4334},
      doi = {10.1093/mnras/stw2958},
   adsurl = {http://adsabs.harvard.edu/abs/2017MNRAS.465.4325O},
  adsnote = {Provided by the SAO/NASA Astrophysics Data System}
}

@ARTICLE{1991ApJ...373..354K,
   author = {{Kochanek}, C.~S.},
    title = "{The implications of lenses for galaxy structure}",
  journal = {\apj},
 keywords = {Astronomical Models, Galactic Structure, Gravitational Lenses, Gravitational Fields, Imaging Techniques, Quadrupoles, Radio Astronomy, Red Shift},
     year = 1991,
    month = jun,
   volume = 373,
    pages = {354-368},
      doi = {10.1086/170057},
   adsurl = {http://adsabs.harvard.edu/abs/1991ApJ...373..354K},
  adsnote = {Provided by the SAO/NASA Astrophysics Data System}
}

@ARTICLE{2003ApJ...587..143R,
   author = {{Rusin}, D. and {Kochanek}, C.~S. and {Falco}, E.~E. and {Keeton}, C.~R. and 
	{McLeod}, B.~A. and {Impey}, C.~D. and {Leh{\'a}r}, J. and {Mu{\~n}oz}, J.~A. and 
	{Peng}, C.~Y. and {Rix}, H.-W.},
    title = "{The Evolution of a Mass-selected Sample of Early-Type Field Galaxies}",
  journal = {\apj},
   eprint = {astro-ph/0211229},
 keywords = {Galaxies: Elliptical and Lenticular, cD, Galaxies: Evolution, Cosmology: Gravitational Lensing},
     year = 2003,
    month = apr,
   volume = 587,
    pages = {143-159},
      doi = {10.1086/346206},
   adsurl = {http://adsabs.harvard.edu/abs/2003ApJ...587..143R},
  adsnote = {Provided by the SAO/NASA Astrophysics Data System}
}

@ARTICLE{2003ApJ...583..606K,
   author = {{Koopmans}, L.~V.~E. and {Treu}, T.},
    title = "{The Structure and Dynamics of Luminous and Dark Matter in the Early-Type Lens Galaxy of 0047-281 at z = 0.485}",
  journal = {\apj},
   eprint = {astro-ph/0205281},
 keywords = {Galaxies: Elliptical and Lenticular, cD, Galaxies: Evolution, Galaxies: Formation, Galaxies: Kinematics and Dynamics, Galaxies: Structure, Cosmology: Gravitational Lensing},
     year = 2003,
    month = feb,
   volume = 583,
    pages = {606-615},
      doi = {10.1086/345423},
   adsurl = {http://adsabs.harvard.edu/abs/2003ApJ...583..606K},
  adsnote = {Provided by the SAO/NASA Astrophysics Data System}
}

@ARTICLE{2002ApJ...568L...5K,
   author = {{Koopmans}, L.~V.~E. and {Treu}, T.},
    title = "{The Stellar Velocity Dispersion of the Lens Galaxy in MG 2016+112 at z=1.004}",
  journal = {\apjl},
   eprint = {astro-ph/0201017},
 keywords = {Galaxies: Elliptical and Lenticular, cD, Galaxies: Evolution, Galaxies: Formation, Galaxies: Structure, Cosmology: Gravitational Lensing},
     year = 2002,
    month = mar,
   volume = 568,
    pages = {L5-L8},
      doi = {10.1086/340143},
   adsurl = {http://adsabs.harvard.edu/abs/2002ApJ...568L...5K},
  adsnote = {Provided by the SAO/NASA Astrophysics Data System}
}

@ARTICLE{2001ApJ...554.1216C,
   author = {{Cohn}, J.~D. and {Kochanek}, C.~S. and {McLeod}, B.~A. and 
	{Keeton}, C.~R.},
    title = "{Constraints on Galaxy Density Profiles from Strong Gravitational Lensing: The Case of B1933+503}",
  journal = {\apj},
   eprint = {astro-ph/0008390},
 keywords = {Cosmology: Dark Matter, Galaxies: Halos, Galaxies: Structure, Cosmology: Gravitational Lensing},
     year = 2001,
    month = jun,
   volume = 554,
    pages = {1216-1226},
      doi = {10.1086/321412},
   adsurl = {http://adsabs.harvard.edu/abs/2001ApJ...554.1216C},
  adsnote = {Provided by the SAO/NASA Astrophysics Data System}
}

@ARTICLE{2005MNRAS.360.1333W,
   author = {{Wayth}, R.~B. and {Warren}, S.~J. and {Lewis}, G.~F. and {Hewett}, P.~C.
	},
    title = "{The lens and source of the optical Einstein ring gravitational lens ER 0047-2808}",
  journal = {\mnras},
   eprint = {astro-ph/0410253},
 keywords = {gravitational lensing, galaxies: high redshift, galaxies: individual: 0047-2808},
     year = 2005,
    month = jul,
   volume = 360,
    pages = {1333-1344},
      doi = {10.1111/j.1365-2966.2005.09118.x},
   adsurl = {http://adsabs.harvard.edu/abs/2005MNRAS.360.1333W},
  adsnote = {Provided by the SAO/NASA Astrophysics Data System}
}

@ARTICLE{2005ApJ...623...31D,
   author = {{Dye}, S. and {Warren}, S.~J.},
    title = "{Decomposition of the Visible and Dark Matter in the Einstein Ring 0047-2808 by Semilinear Inversion}",
  journal = {\apj},
   eprint = {astro-ph/0411452},
 keywords = {Cosmology: Dark Matter, Cosmology: Gravitational Lensing},
     year = 2005,
    month = apr,
   volume = 623,
    pages = {31-41},
      doi = {10.1086/428340},
   adsurl = {http://adsabs.harvard.edu/abs/2005ApJ...623...31D},
  adsnote = {Provided by the SAO/NASA Astrophysics Data System}
}

@ARTICLE{2007ApJ...671.1196M,
   author = {{Marshall}, P.~J. and {Treu}, T. and {Melbourne}, J. and {Gavazzi}, R. and 
	{Bundy}, K. and {Ammons}, S.~M. and {Bolton}, A.~S. and {Burles}, S. and 
	{Larkin}, J.~E. and {Le Mignant}, D. and {Koo}, D.~C. and {Koopmans}, L.~V.~E. and 
	{Max}, C.~E. and {Moustakas}, L.~A. and {Steinbring}, E. and 
	{Wright}, S.~A.},
    title = "{Superresolving Distant Galaxies with Gravitational Telescopes: Keck Laser Guide Star Adaptive Optics and Hubble Space Telescope Imaging of the Lens System SDSS J0737+3216}",
  journal = {\apj},
archivePrefix = "arXiv",
   eprint = {0710.0637},
 keywords = {Galaxies: Fundamental Parameters, Cosmology: Gravitational Lensing, Instrumentation: Adaptive Optics, Methods: Data Analysis, Techniques: High Anular Resolution},
     year = 2007,
    month = dec,
   volume = 671,
    pages = {1196-1211},
      doi = {10.1086/523091},
   adsurl = {http://adsabs.harvard.edu/abs/2007ApJ...671.1196M},
  adsnote = {Provided by the SAO/NASA Astrophysics Data System}
}

@ARTICLE{2017MNRAS.464.4823B,
   author = {{Bellagamba}, F. and {Tessore}, N. and {Metcalf}, R.~B.},
    title = "{Zooming into the Cosmic Horseshoe: new insights on the lens profile and the source shape}",
  journal = {\mnras},
archivePrefix = "arXiv",
   eprint = {1610.06003},
 keywords = {gravitational lensing: strong, galaxies: individual: Cosmic Horseshoe, galaxies: structure, dark matter},
     year = 2017,
    month = feb,
   volume = 464,
    pages = {4823-4834},
      doi = {10.1093/mnras/stw2726},
   adsurl = {http://adsabs.harvard.edu/abs/2017MNRAS.464.4823B},
  adsnote = {Provided by the SAO/NASA Astrophysics Data System}
}

@ARTICLE{2016ApJ...833..264S,
   author = {{Shu}, Y. and {Bolton}, A.~S. and {Mao}, S. and {Kochanek}, C.~S. and 
	{P{\'e}rez-Fournon}, I. and {Oguri}, M. and {Montero-Dorta}, A.~D. and 
	{Cornachione}, M.~A. and {Marques-Chaves}, R. and {Zheng}, Z. and 
	{Brownstein}, J.~R. and {M{\'e}nard}, B.},
    title = "{The BOSS Emission-line Lens Survey. IV. Smooth Lens Models for the BELLS GALLERY Sample}",
  journal = {\apj},
archivePrefix = "arXiv",
   eprint = {1608.08707},
 keywords = {dark matter, galaxies: elliptical and lenticular, cD, gravitational lensing: strong, techniques: image processing},
     year = 2016,
    month = dec,
   volume = 833,
      eid = {264},
    pages = {264},
      doi = {10.3847/1538-4357/833/2/264},
   adsurl = {http://adsabs.harvard.edu/abs/2016ApJ...833..264S},
  adsnote = {Provided by the SAO/NASA Astrophysics Data System}
}

@ARTICLE{2013ApJ...766...70S,
   author = {{Suyu}, S.~H. and {Auger}, M.~W. and {Hilbert}, S. and {Marshall}, P.~J. and 
	{Tewes}, M. and {Treu}, T. and {Fassnacht}, C.~D. and {Koopmans}, L.~V.~E. and 
	{Sluse}, D. and {Blandford}, R.~D. and {Courbin}, F. and {Meylan}, G.
	},
    title = "{Two Accurate Time-delay Distances from Strong Lensing: Implications for Cosmology}",
  journal = {\apj},
archivePrefix = "arXiv",
   eprint = {1208.6010},
 keywords = {distance scale, galaxies: individual: RXJ1131{\ndash}1231, gravitational lensing: strong, methods: data analysis},
     year = 2013,
    month = apr,
   volume = 766,
      eid = {70},
    pages = {70},
      doi = {10.1088/0004-637X/766/2/70},
   adsurl = {http://adsabs.harvard.edu/abs/2013ApJ...766...70S},
  adsnote = {Provided by the SAO/NASA Astrophysics Data System}
}

@ARTICLE{1992ARA&A..30..311B,
   author = {{Blandford}, R.~D. and {Narayan}, R.},
    title = "{Cosmological applications of gravitational lensing}",
  journal = {\araa},
 keywords = {Cosmology, Dark Matter, Galactic Clusters, Gravitational Lenses, Hubble Constant, Quasars, Hubble Space Telescope, Red Shift, Sky Surveys (Astronomy), Very Long Base Interferometry},
     year = 1992,
   volume = 30,
    pages = {311-358},
      doi = {10.1146/annurev.aa.30.090192.001523},
   adsurl = {http://adsabs.harvard.edu/abs/1992ARA%26A..30..311B},
  adsnote = {Provided by the SAO/NASA Astrophysics Data System}
}

@ARTICLE{2009MNRAS.392..945V,
   author = {{Vegetti}, S. and {Koopmans}, L.~V.~E.},
    title = "{Bayesian strong gravitational-lens modelling on adaptive grids: objective detection of mass substructure in Galaxies}",
  journal = {\mnras},
archivePrefix = "arXiv",
   eprint = {0805.0201},
 keywords = {gravitational lensing , galaxies: haloes , galaxies: structure , dark matter},
     year = 2009,
    month = jan,
   volume = 392,
    pages = {945-963},
      doi = {10.1111/j.1365-2966.2008.14005.x},
   adsurl = {http://adsabs.harvard.edu/abs/2009MNRAS.392..945V},
  adsnote = {Provided by the SAO/NASA Astrophysics Data System}
}

@ARTICLE{2000ApJ...544...98W,
   author = {{Witt}, H.~J. and {Mao}, S. and {Keeton}, C.~R.},
    title = "{Analytic Time Delays and H$_{0}$ Estimates for Gravitational Lenses}",
  journal = {\apj},
   eprint = {astro-ph/0004069},
 keywords = {Cosmology: Distance Scale, Cosmology: Gravitational Lensing},
     year = 2000,
    month = nov,
   volume = 544,
    pages = {98-103},
      doi = {10.1086/317201},
   adsurl = {http://adsabs.harvard.edu/abs/2000ApJ...544...98W},
  adsnote = {Provided by the SAO/NASA Astrophysics Data System}
}

@ARTICLE{1964MNRAS.128..307R,
   author = {{Refsdal}, S.},
    title = "{On the possibility of determining Hubble's parameter and the masses of galaxies from the gravitational lens effect}",
  journal = {\mnras},
     year = 1964,
   volume = 128,
    pages = {307},
      doi = {10.1093/mnras/128.4.307},
   adsurl = {http://adsabs.harvard.edu/abs/1964MNRAS.128..307R},
  adsnote = {Provided by the SAO/NASA Astrophysics Data System}
}

@ARTICLE{2016A&ARv..24...11T,
   author = {{Treu}, T. and {Marshall}, P.~J.},
    title = "{Time delay cosmography}",
  journal = {\aapr},
archivePrefix = "arXiv",
   eprint = {1605.05333},
 keywords = {Cosmology, Gravitational lensing, Gravity, Dark energy},
     year = 2016,
    month = jul,
   volume = 24,
      eid = {11},
    pages = {11},
      doi = {10.1007/s00159-016-0096-8},
   adsurl = {http://adsabs.harvard.edu/abs/2016A%26ARv..24...11T},
  adsnote = {Provided by the SAO/NASA Astrophysics Data System}
}

@ARTICLE{2016MNRAS.463.3115T,
   author = {{Tessore}, N. and {Bellagamba}, F. and {Metcalf}, R.~B.},
    title = "{LENSED: a code for the forward reconstruction of lenses and sources from strong lensing observations}",
  journal = {\mnras},
archivePrefix = "arXiv",
   eprint = {1505.07674},
 keywords = {gravitational lensing: strong, methods: data analysis, methods: numerical, methods: statistical, techniques: image processing},
     year = 2016,
    month = dec,
   volume = 463,
    pages = {3115-3128},
      doi = {10.1093/mnras/stw2212},
   adsurl = {http://adsabs.harvard.edu/abs/2016MNRAS.463.3115T},
  adsnote = {Provided by the SAO/NASA Astrophysics Data System}
}

@ARTICLE{2016arXiv160604548M,
   author = {{Meneghetti}, M. and {Natarajan}, P. and {Coe}, D. and {Contini}, E. and 
	{De Lucia}, G. and {Giocoli}, C. and {Acebron}, A. and {Borgani}, S. and 
	{Bradac}, M. and {Diego}, J.~M. and {Hoag}, A. and {Ishigaki}, M. and 
	{Johnson}, T.~L. and {Jullo}, E. and {Kawamata}, R. and {Lam}, D. and 
	{Limousin}, M. and {Liesenborgs}, J. and {Oguri}, M. and {Sebesta}, K. and 
	{Sharon}, K. and {Williams}, L.~L.~R. and {Zitrin}, A.},
    title = "{The Frontier Fields Lens Modeling Comparison Project}",
  journal = {ArXiv e-prints},
archivePrefix = "arXiv",
   eprint = {1606.04548},
 keywords = {Astrophysics - Cosmology and Nongalactic Astrophysics},
     year = 2016,
    month = jun,
   adsurl = {http://adsabs.harvard.edu/abs/2016arXiv160604548M},
  adsnote = {Provided by the SAO/NASA Astrophysics Data System}
}

@ARTICLE{2010A&A...514A..93M,
   author = {{Meneghetti}, M. and {Rasia}, E. and {Merten}, J. and {Bellagamba}, F. and 
	{Ettori}, S. and {Mazzotta}, P. and {Dolag}, K. and {Marri}, S.
	},
    title = "{Weighing simulated galaxy clusters using lensing and X-ray}",
  journal = {\aap},
archivePrefix = "arXiv",
   eprint = {0912.1343},
 keywords = {galaxies: clusters: general, X-ray: galaxies: clusters, gravitational lensing: strong, gravitational lensing: weak},
     year = 2010,
    month = may,
   volume = 514,
      eid = {A93},
    pages = {A93},
      doi = {10.1051/0004-6361/200913222},
   adsurl = {http://adsabs.harvard.edu/abs/2010A%26A...514A..93M},
  adsnote = {Provided by the SAO/NASA Astrophysics Data System}
}

@ARTICLE{2008A&A...482..403M,
   author = {{Meneghetti}, M. and {Melchior}, P. and {Grazian}, A. and {De Lucia}, G. and 
	{Dolag}, K. and {Bartelmann}, M. and {Heymans}, C. and {Moscardini}, L. and 
	{Radovich}, M.},
    title = "{Realistic simulations of gravitational lensing by galaxy clusters: extracting arc parameters from mock DUNE images}",
  journal = {\aap},
archivePrefix = "arXiv",
   eprint = {0711.3418},
 keywords = {gravitational lensing, galaxies: clusters: general, cosmology: observations, methods: numerical, submillimeter},
     year = 2008,
    month = may,
   volume = 482,
    pages = {403-418},
      doi = {10.1051/0004-6361:20079119},
   adsurl = {http://adsabs.harvard.edu/abs/2008A%26A...482..403M},
  adsnote = {Provided by the SAO/NASA Astrophysics Data System}
}

@ARTICLE{2004PASP..116..750G,
   author = {{Grazian}, A. and {Fontana}, A. and {De Santis}, C. and {Gallozzi}, S. and 
	{Giallongo}, E. and {Di Pangrazio}, F.},
    title = "{The Large Binocular Camera Image Simulator}",
  journal = {\pasp},
 keywords = {astronomical databases: miscellaneous, Methods: Data Analysis, Techniques: Photometric},
     year = 2004,
    month = aug,
   volume = 116,
    pages = {750-761},
      doi = {10.1086/423123},
   adsurl = {http://adsabs.harvard.edu/abs/2004PASP..116..750G},
  adsnote = {Provided by the SAO/NASA Astrophysics Data System}
}

@ARTICLE{2011arXiv1110.3193L,
   author = {{Laureijs}, R. and {Amiaux}, J. and {Arduini}, S. and {Augu{\`e}res}, J.~-. and 
	{Brinchmann}, J. and {Cole}, R. and {Cropper}, M. and {Dabin}, C. and 
	{Duvet}, L. and {Ealet}, A. and et al.},
    title = "{Euclid Definition Study Report}",
  journal = {ArXiv e-prints},
archivePrefix = "arXiv",
   eprint = {1110.3193},
 primaryClass = "astro-ph.CO",
 keywords = {Astrophysics - Cosmology and Extragalactic Astrophysics, Astrophysics - Galaxy Astrophysics},
     year = 2011,
    month = oct,
   adsurl = {http://adsabs.harvard.edu/abs/2011arXiv1110.3193L},
  adsnote = {Provided by the SAO/NASA Astrophysics Data System}
}

@ARTICLE{2017arXiv170401585S,
   author = {{Sonnenfeld}, A. and {Chan}, J.~H.~H. and {Shu}, Y. and {More}, A. and 
	{Oguri}, M. and {Suyu}, S.~H. and {Wong}, K.~C. and {Lee}, C.-H. and 
	{Coupon}, J. and {Yonehara}, A. and {Bolton}, A.~S. and {Jaelani}, A.~T. and 
	{Tanaka}, M. and {Miyazaki}, S. and {Komiyama}, Y.},
    title = "{Survey of Gravitationally-lensed Objects in HSC Imaging (SuGOHI). I. Automatic search for galaxy-scale strong lenses}",
  journal = {ArXiv e-prints},
archivePrefix = "arXiv",
   eprint = {1704.01585},
 keywords = {Astrophysics - Astrophysics of Galaxies},
     year = 2017,
    month = apr,
   adsurl = {http://adsabs.harvard.edu/abs/2017arXiv170401585S},
  adsnote = {Provided by the SAO/NASA Astrophysics Data System}
}

@ARTICLE{2017MNRAS.471..167J,
   author = {{Jacobs}, C. and {Glazebrook}, K. and {Collett}, T. and {More}, A. and 
	{McCarthy}, C.},
    title = "{Finding strong lenses in CFHTLS using convolutional neural networks}",
  journal = {\mnras},
archivePrefix = "arXiv",
   eprint = {1704.02744},
 primaryClass = "astro-ph.IM",
 keywords = {gravitational lensing: strong, methods: statistical},
     year = 2017,
    month = oct,
   volume = 471,
    pages = {167-181},
      doi = {10.1093/mnras/stx1492},
   adsurl = {http://adsabs.harvard.edu/abs/2017MNRAS.471..167J},
  adsnote = {Provided by the SAO/NASA Astrophysics Data System}
}

@ARTICLE{2014MNRAS.439.3392P,
   author = {{Pawase}, R.~S. and {Courbin}, F. and {Faure}, C. and {Kokotanekova}, R. and 
	{Meylan}, G.},
    title = "{A 7 deg$^{2}$ survey for galaxy-scale gravitational lenses with the HST imaging archive}",
  journal = {\mnras},
archivePrefix = "arXiv",
   eprint = {1206.3412},
 keywords = {Gravitational lensing: strong, surveys, galaxies: evolution, galaxies: formation, dark matter},
     year = 2014,
    month = apr,
   volume = 439,
    pages = {3392-3404},
      doi = {10.1093/mnras/stu179},
   adsurl = {http://cdsads.u-strasbg.fr/abs/2014MNRAS.439.3392P},
  adsnote = {Provided by the SAO/NASA Astrophysics Data System}
}

@ARTICLE{2015MNRAS.452..502G,
   author = {{Geach}, J.~E. and {More}, A. and {Verma}, A. and {Marshall}, P.~J. and 
	{Jackson}, N. and {Belles}, P.-E. and {Beswick}, R. and {Baeten}, E. and 
	{Chavez}, M. and {Cornen}, C. and {Cox}, B.~E. and {Erben}, T. and 
	{Erickson}, N.~J. and {Garrington}, S. and {Harrison}, P.~A. and 
	{Harrington}, K. and {Hughes}, D.~H. and {Ivison}, R.~J. and 
	{Jordan}, C. and {Lin}, Y.-T. and {Leauthaud}, A. and {Lintott}, C. and 
	{Lynn}, S. and {Kapadia}, A. and {Kneib}, J.-P. and {Macmillan}, C. and 
	{Makler}, M. and {Miller}, G. and {Monta{\~n}a}, A. and {Mujica}, R. and 
	{Muxlow}, T. and {Narayanan}, G. and {O'Briain}, D. and {O'Brien}, T. and 
	{Oguri}, M. and {Paget}, E. and {Parrish}, M. and {Ross}, N.~P. and 
	{Rozo}, E. and {Rusu}, C.~E. and {Rykoff}, E.~S. and {Sanchez-Arg{\"u}elles}, D. and 
	{Simpson}, R. and {Snyder}, C. and {Schloerb}, F.~P. and {Tecza}, M. and 
	{Wang}, W.-H. and {Van Waerbeke}, L. and {Wilcox}, J. and {Viero}, M. and 
	{Wilson}, G.~W. and {Yun}, M.~S. and {Zeballos}, M.},
    title = "{The Red Radio Ring: a gravitationally lensed hyperluminous infrared radio galaxy at z = 2.553 discovered through the citizen science project SPACE WARPS}",
  journal = {\mnras},
archivePrefix = "arXiv",
   eprint = {1503.05824},
 keywords = {methods: miscellaneous, galaxies: high-redshift},
     year = 2015,
    month = sep,
   volume = 452,
    pages = {502-510},
      doi = {10.1093/mnras/stv1243},
   adsurl = {http://ukads.nottingham.ac.uk/abs/2015MNRAS.452..502G},
  adsnote = {Provided by the SAO/NASA Astrophysics Data System}
}

@ARTICLE{2011ApJ...729...34B,
   author = {{Blackburne}, J.~A. and {Pooley}, D. and {Rappaport}, S. and 
	{Schechter}, P.~L.},
    title = "{Sizes and Temperature Profiles of Quasar Accretion Disks from Chromatic Microlensing}",
  journal = {\apj},
archivePrefix = "arXiv",
   eprint = {1007.1665},
 primaryClass = "astro-ph.CO",
 keywords = {accretion, accretion disks, gravitational lensing: strong, quasars: general},
     year = 2011,
    month = mar,
   volume = 729,
      eid = {34},
    pages = {34},
      doi = {10.1088/0004-637X/729/1/34},
   adsurl = {http://ukads.nottingham.ac.uk/abs/2011ApJ...729...34B},
  adsnote = {Provided by the SAO/NASA Astrophysics Data System}
}

@ARTICLE{2008ApJ...689..755M,
   author = {{Morgan}, C.~W. and {Kochanek}, C.~S. and {Dai}, X. and {Morgan}, N.~D. and 
	{Falco}, E.~E.},
    title = "{X-Ray and Optical Microlensing in the Lensed Quasar PG 1115+080}",
  journal = {\apj},
archivePrefix = "arXiv",
   eprint = {0802.1210},
 keywords = {accretion, accretion disks, dark matter, gravitational lensing, quasars: individual: PG 1115+080},
     year = 2008,
    month = dec,
   volume = 689,
      eid = {755-761},
    pages = {755-761},
      doi = {10.1086/592767},
   adsurl = {http://ukads.nottingham.ac.uk/abs/2008ApJ...689..755M},
  adsnote = {Provided by the SAO/NASA Astrophysics Data System}
}

@ARTICLE{2008ApJ...673...34P,
   author = {{Poindexter}, S. and {Morgan}, N. and {Kochanek}, C.~S.},
    title = "{The Spatial Structure of an Accretion Disk}",
  journal = {\apj},
archivePrefix = "arXiv",
   eprint = {0707.0003},
 keywords = {accretion, accretion disks, gravitational lensing, quasars: individual: HE 1104-1805},
     year = 2008,
    month = jan,
   volume = 673,
      eid = {34-38},
    pages = {34-38},
      doi = {10.1086/524190},
   adsurl = {http://ukads.nottingham.ac.uk/abs/2008ApJ...673...34P},
  adsnote = {Provided by the SAO/NASA Astrophysics Data System}
}

@article{Laureijs:2011wi,
author = {Laureijs, R and Amiaux, J and Arduini, S and Augu{\`e}res, J L and Brinchmann, J. and Cole, R and Cropper, M and Dabin, C and Duvet, L and Ealet, A. and Garilli, B. and Gondoin, P and Guzzo, L. and Hoar, J and Hoekstra, H and Holmes, R and Kitching, T and Maciaszek, T and Mellier, Y. and Pasian, F and Percival, W. and Rhodes, J. and Criado, G Saavedra and Sauvage, M and Scaramella, R. and Valenziano, L and Warren, S. and Bender, R and Castander, F. and Cimatti, A. and F{\`e}vre, O. Le and Kurki-Suonio, H and Levi, M. and Lilje, P and Meylan, G and Nichol, R. and Pedersen, K and Popa, V and Lopez, R Rebolo and Rix, H.-W. and R{\"o}ttgering, H and Zeilinger, W and Grupp, F and Hudelot, P. and Massey, R. and Meneghetti, M and Miller, L and Paltani, S. and Paulin-Henriksson, S. and Pires, S and Saxton, C and Schrabback, T. and Seidel, G and Walsh, J. and Aghanim, N and Amendola, L and Bartlett, J and Baccigalupi, C. and Beaulieu, J.{\textasciitilde}P. and Benabed, K and Cuby, J G and Elbaz, D and Fosalba, P. and Gavazzi, G and Helmi, A. and Hook, I. and Irwin, M. and Kneib, J-P and Kunz, M. and Mannucci, F and Moscardini, L and Tao, C and Teyssier, R and Weller, J and Zamorani, G. and Osorio, M R Zapatero and Boulade, O. and Foumond, J J and Di Giorgio, A and Guttridge, P and James, A and Kemp, M and Martignac, J and Spencer, A and Walton, D and Bl{\"u}mchen, T and Bonoli, C and Bortoletto, F and Cerna, C and Corcione, L and Fabron, C and Jahnke, K. and Ligori, S and Madrid, F and Martin, L and Morgante, G and Pamplona, T and Prieto, E. and Riva, M and Toledo, R},
title = {{Euclid Definition Study Report}},
journal = {arXiv.org},
year = {2011},
eprint = {1110.3193},
eprinttype = {arxiv},
month = oct
}

@article{Spiniello:2011p8239,
author = {Spiniello, C and Koopmans, LVE and Trager, S C and Czoske, O and Treu, T},
title = {{The X-Shooter Lens Survey{\textendash}I. Dark matter domination and a Salpeter-type initial mass function in a massive early-type galaxy}},
year = {2011},
volume = {417},
number = {4},
pages = {3000--3009},
annote = {{\textcopyright} 2011 The Authors. Monthly Notices of the Royal Astronomical Society {\textcopyright} 2011 RAS}
}

@article{2dfColless2001,
  title={The 2df galaxy redshift survey: spectra and redshifts},
  author={Colless, Matthew and Dalton, Gavin and Maddox, Steve and Sutherland, Will and Norberg, Peder and Cole, Shaun and Bland-Hawthorn, Joss and Bridges, Terry and Cannon, Russell and Collins, Chris and others},
  journal={\mnras},
  volume={328},
  number={4},
  pages={1039--1063},
  year={2001},
  publisher={Oxford University Press}
}

@ARTICLE{abell2009,
   author = {{LSST Science Collaboration} and {Abell}, P.~A. and {Allison}, J. and 
	{Anderson}, S.~F. and {Andrew}, J.~R. and {Angel}, J.~R.~P. and 
	{Armus}, L. and {Arnett}, D. and {Asztalos}, S.~J. and {Axelrod}, T.~S. and et al.},
    title = "{LSST Science Book, Version 2.0}",
  journal = {ArXiv e-prints},
archivePrefix = "arXiv",
   eprint = {0912.0201},
 primaryClass = "astro-ph.IM",
 keywords = {Astrophysics - Instrumentation and Methods for Astrophysics, Astrophysics - Cosmology and Extragalactic Astrophysics, Astrophysics - Earth and Planetary Astrophysics, Astrophysics - Galaxy Astrophysics, Astrophysics - Solar and Stellar Astrophysics},
     year = 2009,
    month = dec,
   adsurl = {http://adsabs.harvard.edu/abs/2009arXiv0912.0201L},
  adsnote = {Provided by the SAO/NASA Astrophysics Data System}
}

@ARTICLE{Alard2006,
   author = {{Alard}, C.},
    title = "{Automated detection of gravitational arcs}",
  journal = {ArXiv e-prints},
   archivePrefix = "arXiv",
   eprint = {astro-ph/0606757},
 keywords = {Astrophysics},
     year = 2006,
    month = jun,
   adsurl = {http://adsabs.harvard.edu/abs/2006astro.ph..6757A},
  adsnote = {Provided by the SAO/NASA Astrophysics Data System}
}

@ARTICLE{Arnouts+99,
   author = {{Arnouts}, S. and {Cristiani}, S. and {Moscardini}, L. and {Matarrese}, S. and
    {Lucchin}, F. and {Fontana}, A. and {Giallongo}, E.},
    title = "{Measuring and modelling the redshift evolution of clustering: the Hubble Deep Field North}",
  journal = {\mnras},
   eprint = {astro-ph/9902290},
 keywords = {GALAXIES: CLUSTERS: GENERAL, GALAXIES: PHOTOMETRY, COSMOLOGY: OBSERVATIONS, COSMOLOGY: THEORY, LARGE-SCALE STRUCTURE OF UNIVERSE},
     year = 1999,
    month = dec,
   volume = 310,
    pages = {540-556},
      doi = {10.1046/j.1365-8711.1999.02978.x},
   adsurl = {http://adsabs.harvard.edu/abs/1999MNRAS.310..540A},
  adsnote = {Provided by the SAO/NASA Astrophysics Data System}
}

@ARTICLE{Auger+09_SLACSIX,
   author = {{Auger}, M.~W. and {Treu}, T. and {Bolton}, A.~S. and {Gavazzi}, R. and
    {Koopmans}, L.~V.~E. and {Marshall}, P.~J. and {Bundy}, K. and
    {Moustakas}, L.~A.},
    title = "{The Sloan Lens ACS Survey. IX. Colors, Lensing, and Stellar Masses of Early-Type Galaxies}",
  journal = {\apj},
archivePrefix = "arXiv",
   eprint = {0911.2471},
 primaryClass = "astro-ph.CO",
 keywords = {galaxies: elliptical and lenticular, cD, gravitational lensing, surveys},
     year = 2009,
    month = nov,
   volume = 705,
    pages = {1099-1115},
      doi = {10.1088/0004-637X/705/2/1099},
   adsurl = {http://adsabs.harvard.edu/abs/2009ApJ...705.1099A},
  adsnote = {Provided by the SAO/NASA Astrophysics Data System}
}

@ARTICLE{Barnab2011,
   author = {{Barnab{\`e}}, M. and {Czoske}, O. and {Koopmans}, L.~V.~E. and 
	{Treu}, T. and {Bolton}, A.~S.},
    title = "{Two-dimensional kinematics of SLACS lenses - III. Mass structure and dynamics of early-type lens galaxies beyond z {\sime} 0.1}",
  journal = {\mnras},
archivePrefix = "arXiv",
   eprint = {1102.2261},
 keywords = {gravitational lensing: strong, galaxies: elliptical and lenticular, cD, galaxies: kinematics and dynamics, galaxies: structure},
     year = 2011,
    month = aug,
   volume = 415,
    pages = {2215-2232},
      doi = {10.1111/j.1365-2966.2011.18842.x},
   adsurl = {http://adsabs.harvard.edu/abs/2011MNRAS.415.2215B},
  adsnote = {Provided by the SAO/NASA Astrophysics Data System}
}

@article{bournaud2003,
  title={Formation of polar ring galaxies},
  author={Bournaud, Fr{\'e}d{\'e}ric and Combes, Fran{\c{c}}oise},
  journal={\aap},
  volume={401},
  number={3},
  pages={817--833},
  year={2003},
  publisher={EDP Sciences}
}

@ARTICLE{backpropagation,
   author = {{Rumelhart}, D.~E. and {Hinton}, G.~E. and {Williams}, R.~J.
	},
    title = "{Learning representations by back-propagating errors}",
  journal = {\nat},
     year = 1986,
    month = oct,
   volume = 323,
    pages = {533-536},
      doi = {10.1038/323533a0},
   adsurl = {http://adsabs.harvard.edu/abs/1986Natur.323..533R},
  adsnote = {Provided by the SAO/NASA Astrophysics Data System}
}

@ARTICLE{barnabe2009,
  author = {{Barnab{\`e}}, M. and {Czoske}, O. and {Koopmans}, L.~V.~E. and {Treu},
	T. and {Bolton}, A.~S. and {Gavazzi}, R.},
  title = {{Two-dimensional kinematics of SLACS lenses - II. Combined lensing
	and dynamics analysis of early-type galaxies at z = 0.08-0.33}},
  journal = {\mnras},
  year = {2009},
  volume = {399},
  pages = {21-36},
  month = oct,
  adsnote = {Provided by the SAO/NASA Astrophysics Data System},
  adsurl = {http://adsabs.harvard.edu/abs/2009MNRAS.399...21B},
  archiveprefix = {arXiv},
  doi = {10.1111/j.1365-2966.2009.14941.x},
  eprint = {0904.3861},
  keywords = {gravitational lensing , galaxies: elliptical and lenticular, cD ,
	galaxies: kinematics and dynamics , galaxies: structure},
  primaryclass = {astro-ph.CO}
}

@ARTICLE{Benitez00,
   author = {{Ben{\'{\i}}tez}, N.},
    title = "{Bayesian Photometric Redshift Estimation}",
  journal = {\apj},
   eprint = {astro-ph/9811189},
 keywords = {Galaxies: Distances and Redshifts, Galaxies: Photometry, Methods: Statistical},
     year = 2000,
    month = jun,
   volume = 536,
    pages = {571-583},
      doi = {10.1086/308947},
   adsurl = {http://adsabs.harvard.edu/abs/2000ApJ...536..571B},
  adsnote = {Provided by the SAO/NASA Astrophysics Data System}
}


@ARTICLE{Bertin_Arnouts96_SEx,
   author = {{Bertin}, E. and {Arnouts}, S.},
    title = "{SExtractor: Software for source extraction.}",
  journal = {\aaps},
 keywords = {METHODS: DATA ANALYSIS, TECHNIQUES: IMAGE PROCESSING, GALAXIES: PHOTOMETRY},
     year = 1996,
    month = jun,
   volume = 117,
    pages = {393-404},
      doi = {10.1051/aas:1996164},
   adsurl = {http://adsabs.harvard.edu/abs/1996A%26AS..117..393B},
  adsnote = {Provided by the SAO/NASA Astrophysics Data System}
}

@BOOK{Binney_Merrifield98_book,
   author = {{Binney}, J. and {Merrifield}, M.},
    title = "{Galactic Astronomy}",
booktitle = {Galactic astronomy},
    publisher = {Princeton University Press},
     year = 1998,
   adsurl = {http://adsabs.harvard.edu/abs/1998gaas.book.....B},
  adsnote = {Provided by the SAO/NASA Astrophysics Data System}
}

@ARTICLE{Bolton2008,
   author = {{Bolton}, A.~S. and {Burles}, S. and {Koopmans}, L.~V.~E. and 
	{Treu}, T. and {Gavazzi}, R. and {Moustakas}, L.~A. and {Wayth}, R. and 
	{Schlegel}, D.~J.},
    title = "{The Sloan Lens ACS Survey. V. The Full ACS Strong-Lens Sample}",
  journal = {\apj},
archivePrefix = "arXiv",
   eprint = {0805.1931},
 keywords = {galaxies: elliptical and lenticular, cD, gravitational lensing, surveys},
     year = 2008,
    month = aug,
   volume = 682,
      eid = {964-984},
    pages = {964-984},
      doi = {10.1086/589327},
   adsurl = {http://adsabs.harvard.edu/abs/2008ApJ...682..964B},
  adsnote = {Provided by the SAO/NASA Astrophysics Data System}
}

@ARTICLE{BOSS,
   author = {{Dawson}, K.~S. and {Schlegel}, D.~J. and {Ahn}, C.~P. and {Anderson}, S.~F. and 
	{Aubourg}, {\'E}. and {Bailey}, S. and {Barkhouser}, R.~H. and 
	{Bautista}, J.~E. and {Beifiori}, A. and {Berlind}, A.~A. and 
	{Bhardwaj}, V. and {Bizyaev}, D. and {Blake}, C.~H. and {Blanton}, M.~R. and 
	{Blomqvist}, M. and {Bolton}, A.~S. and {Borde}, A. and {Bovy}, J. and 
	{Brandt}, W.~N. and {Brewington}, H. and {Brinkmann}, J. and 
	{Brown}, P.~J. and {Brownstein}, J.~R. and {Bundy}, K. and {Busca}, N.~G. and 
	{Carithers}, W. and {Carnero}, A.~R. and {Carr}, M.~A. and {Chen}, Y. and 
	{Comparat}, J. and {Connolly}, N. and {Cope}, F. and {Croft}, R.~A.~C. and 
	{Cuesta}, A.~J. and {da Costa}, L.~N. and {Davenport}, J.~R.~A. and 
	{Delubac}, T. and {de Putter}, R. and {Dhital}, S. and {Ealet}, A. and 
	{Ebelke}, G.~L. and {Eisenstein}, D.~J. and {Escoffier}, S. and 
	{Fan}, X. and {Filiz Ak}, N. and {Finley}, H. and {Font-Ribera}, A. and 
	{G{\'e}nova-Santos}, R. and {Gunn}, J.~E. and {Guo}, H. and 
	{Haggard}, D. and {Hall}, P.~B. and {Hamilton}, J.-C. and {Harris}, B. and 
	{Harris}, D.~W. and {Ho}, S. and {Hogg}, D.~W. and {Holder}, D. and 
	{Honscheid}, K. and {Huehnerhoff}, J. and {Jordan}, B. and {Jordan}, W.~P. and 
	{Kauffmann}, G. and {Kazin}, E.~A. and {Kirkby}, D. and {Klaene}, M.~A. and 
	{Kneib}, J.-P. and {Le Goff}, J.-M. and {Lee}, K.-G. and {Long}, D.~C. and 
	{Loomis}, C.~P. and {Lundgren}, B. and {Lupton}, R.~H. and {Maia}, M.~A.~G. and 
	{Makler}, M. and {Malanushenko}, E. and {Malanushenko}, V. and 
	{Mandelbaum}, R. and {Manera}, M. and {Maraston}, C. and {Margala}, D. and 
	{Masters}, K.~L. and {McBride}, C.~K. and {McDonald}, P. and 
	{McGreer}, I.~D. and {McMahon}, R.~G. and {Mena}, O. and {Miralda-Escud{\'e}}, J. and 
	{Montero-Dorta}, A.~D. and {Montesano}, F. and {Muna}, D. and 
	{Myers}, A.~D. and {Naugle}, T. and {Nichol}, R.~C. and {Noterdaeme}, P. and 
	{Nuza}, S.~E. and {Olmstead}, M.~D. and {Oravetz}, A. and {Oravetz}, D.~J. and 
	{Owen}, R. and {Padmanabhan}, N. and {Palanque-Delabrouille}, N. and 
	{Pan}, K. and {Parejko}, J.~K. and {P{\^a}ris}, I. and {Percival}, W.~J. and 
	{P{\'e}rez-Fournon}, I. and {P{\'e}rez-R{\`a}fols}, I. and {Petitjean}, P. and 
	{Pfaffenberger}, R. and {Pforr}, J. and {Pieri}, M.~M. and {Prada}, F. and 
	{Price-Whelan}, A.~M. and {Raddick}, M.~J. and {Rebolo}, R. and 
	{Rich}, J. and {Richards}, G.~T. and {Rockosi}, C.~M. and {Roe}, N.~A. and 
	{Ross}, A.~J. and {Ross}, N.~P. and {Rossi}, G. and {Rubi{\~n}o-Martin}, J.~A. and 
	{Samushia}, L. and {S{\'a}nchez}, A.~G. and {Sayres}, C. and 
	{Schmidt}, S.~J. and {Schneider}, D.~P. and {Sc{\'o}ccola}, C.~G. and 
	{Seo}, H.-J. and {Shelden}, A. and {Sheldon}, E. and {Shen}, Y. and 
	{Shu}, Y. and {Slosar}, A. and {Smee}, S.~A. and {Snedden}, S.~A. and 
	{Stauffer}, F. and {Steele}, O. and {Strauss}, M.~A. and {Streblyanska}, A. and 
	{Suzuki}, N. and {Swanson}, M.~E.~C. and {Tal}, T. and {Tanaka}, M. and 
	{Thomas}, D. and {Tinker}, J.~L. and {Tojeiro}, R. and {Tremonti}, C.~A. and 
	{Vargas Maga{\~n}a}, M. and {Verde}, L. and {Viel}, M. and {Wake}, D.~A. and 
	{Watson}, M. and {Weaver}, B.~A. and {Weinberg}, D.~H. and {Weiner}, B.~J. and 
	{West}, A.~A. and {White}, M. and {Wood-Vasey}, W.~M. and {Yeche}, C. and 
	{Zehavi}, I. and {Zhao}, G.-B. and {Zheng}, Z.},
    title = "{The Baryon Oscillation Spectroscopic Survey of SDSS-III}",
  journal = {\aj},
archivePrefix = "arXiv",
   eprint = {1208.0022},
 keywords = {cosmology: observations, surveys},
     year = 2013,
    month = jan,
   volume = 145,
      eid = {10},
    pages = {10},
      doi = {10.1088/0004-6256/145/1/10},
   adsurl = {http://adsabs.harvard.edu/abs/2013AJ....145...10D},
  adsnote = {Provided by the SAO/NASA Astrophysics Data System}
}

@inproceedings{boureau2010learning,
  title={Learning mid-level features for recognition},
  author={Boureau, Y-Lan and Bach, Francis and LeCun, Yann and Ponce, Jean},
  booktitle={Computer Vision and Pattern Recognition (CVPR), 2010 IEEE Conference on},
  pages={2559--2566},
  year={2010},
  organization={IEEE}
}

@ARTICLE{Bom2016,
   author = {{Bom}, C.~R. and {Makler}, M. and {Albuquerque}, M.~P. and {Brandt}, C.~H.
	},
    title = "{A Neural Network Gravitational Arc Finder Based on the Mediatrix Filamentation Method}",
  journal = {ArXiv e-prints},
archivePrefix = "arXiv",
   eprint = {1607.04644},
 keywords = {Astrophysics - Cosmology and Nongalactic Astrophysics},
     year = 2016,
    month = jul,
   adsurl = {http://adsabs.harvard.edu/abs/2016arXiv160704644B},
  adsnote = {Provided by the SAO/NASA Astrophysics Data System}
}

@ARTICLE{bonvin2016,
   author = {{Bonvin}, V. and {Courbin}, F. and {Suyu}, S.~H. and {Marshall}, P.~J. and 
	{Rusu}, C.~E. and {Sluse}, D. and {Tewes}, M. and {Wong}, K.~C. and 
	{Collett}, T. and {Fassnacht}, C.~D. and {Treu}, T. and {Auger}, M.~W. and 
	{Hilbert}, S. and {Koopmans}, L.~V.~E. and {Meylan}, G. and 
	{Rumbaugh}, N. and {Sonnenfeld}, A. and {Spiniello}, C.},
    title = "{H0LiCOW V. New COSMOGRAIL time delays of HE0435-1223: $H\_0$ to 3.8\% precision from strong lensing in a flat $\Lambda$CDM model}",
  journal = {ArXiv e-prints},
archivePrefix = "arXiv",
   eprint = {1607.01790},
 keywords = {Astrophysics - Cosmology and Nongalactic Astrophysics, 85A40, J.2},
     year = 2016,
    month = jul,
   adsurl = {http://adsabs.harvard.edu/abs/2016arXiv160701790B},
  adsnote = {Provided by the SAO/NASA Astrophysics Data System}
}

@ARTICLE{Brault2015,
   author = {{Brault}, F. and {Gavazzi}, R.},
    title = "{Extensive light profile fitting of galaxy-scale strong lenses. Towards an automated lens detection method}",
  journal = {\aap},
 keywords = {gravitational lensing: strong, methods: data analysis, methods: statistical, techniques: miscellaneous, surveys, galaxies: elliptical and lenticular, cD},
     year = 2015,
    month = may,
   volume = 577,
      eid = {A85},
    pages = {A85},
      doi = {10.1051/0004-6361/201425275},
   adsurl = {http://adsabs.harvard.edu/abs/2015A%26A...577A..85B},
  adsnote = {Provided by the SAO/NASA Astrophysics Data System}
}

@article{brewer2012swells,
  title={The SWELLS survey--III. Disfavouring ‘heavy’initial mass functions for spiral lens galaxies},
  author={Brewer, Brendon J and Dutton, Aaron A and Treu, Tommaso and Auger, Matthew W and Marshall, Philip J and Barnab{\`e}, Matteo and Bolton, Adam S and Koo, David C and Koopmans, L{\'e}on VE},
  journal={\mnras},
  volume={422},
  number={4},
  pages={3574--3590},
  year={2012},
  publisher={Oxford University Press}
}

@article{bottou1998online,
  title={Online learning and stochastic approximations},
  author={Bottou, L{\'e}on},
  journal={On-line learning in neural networks},
  volume={17},
  number={9},
  pages={142},
  year={1998},
  publisher={Cambridge Univ Pr}
}

@ARTICLE{BC03,
   author = {{Bruzual}, G. and {Charlot}, S.},
    title = "{Stellar population synthesis at the resolution of 2003}",
  journal = {\mnras},
   eprint = {arXiv:astro-ph/0309134},
 keywords = {stars: evolution, galaxies: evolution, galaxies: formation, galaxies: stellar content},
     year = 2003,
    month = oct,
   volume = 344,
    pages = {1000-1028},
      doi = {10.1046/j.1365-8711.2003.06897.x},
   adsurl = {http://adsabs.harvard.edu/abs/2003MNRAS.344.1000B},
  adsnote = {Provided by the SAO/NASA Astrophysics Data System}
}


@ARTICLE{CANDELS,
   author = {{Grogin}, N.~A. and {Kocevski}, D.~D. and {Faber}, S.~M. and 
	{Ferguson}, H.~C. and {Koekemoer}, A.~M. and {Riess}, A.~G. and 
	{Acquaviva}, V. and {Alexander}, D.~M. and {Almaini}, O. and 
	{Ashby}, M.~L.~N. and {Barden}, M. and {Bell}, E.~F. and {Bournaud}, F. and 
	{Brown}, T.~M. and {Caputi}, K.~I. and {Casertano}, S. and {Cassata}, P. and 
	{Castellano}, M. and {Challis}, P. and {Chary}, R.-R. and {Cheung}, E. and 
	{Cirasuolo}, M. and {Conselice}, C.~J. and {Roshan Cooray}, A. and 
	{Croton}, D.~J. and {Daddi}, E. and {Dahlen}, T. and {Dav{\'e}}, R. and 
	{de Mello}, D.~F. and {Dekel}, A. and {Dickinson}, M. and {Dolch}, T. and 
	{Donley}, J.~L. and {Dunlop}, J.~S. and {Dutton}, A.~A. and 
	{Elbaz}, D. and {Fazio}, G.~G. and {Filippenko}, A.~V. and {Finkelstein}, S.~L. and 
	{Fontana}, A. and {Gardner}, J.~P. and {Garnavich}, P.~M. and 
	{Gawiser}, E. and {Giavalisco}, M. and {Grazian}, A. and {Guo}, Y. and 
	{Hathi}, N.~P. and {H{\"a}ussler}, B. and {Hopkins}, P.~F. and 
	{Huang}, J.-S. and {Huang}, K.-H. and {Jha}, S.~W. and {Kartaltepe}, J.~S. and 
	{Kirshner}, R.~P. and {Koo}, D.~C. and {Lai}, K. and {Lee}, K.-S. and 
	{Li}, W. and {Lotz}, J.~M. and {Lucas}, R.~A. and {Madau}, P. and 
	{McCarthy}, P.~J. and {McGrath}, E.~J. and {McIntosh}, D.~H. and 
	{McLure}, R.~J. and {Mobasher}, B. and {Moustakas}, L.~A. and 
	{Mozena}, M. and {Nandra}, K. and {Newman}, J.~A. and {Niemi}, S.-M. and 
	{Noeske}, K.~G. and {Papovich}, C.~J. and {Pentericci}, L. and 
	{Pope}, A. and {Primack}, J.~R. and {Rajan}, A. and {Ravindranath}, S. and 
	{Reddy}, N.~A. and {Renzini}, A. and {Rix}, H.-W. and {Robaina}, A.~R. and 
	{Rodney}, S.~A. and {Rosario}, D.~J. and {Rosati}, P. and {Salimbeni}, S. and 
	{Scarlata}, C. and {Siana}, B. and {Simard}, L. and {Smidt}, J. and 
	{Somerville}, R.~S. and {Spinrad}, H. and {Straughn}, A.~N. and 
	{Strolger}, L.-G. and {Telford}, O. and {Teplitz}, H.~I. and 
	{Trump}, J.~R. and {van der Wel}, A. and {Villforth}, C. and 
	{Wechsler}, R.~H. and {Weiner}, B.~J. and {Wiklind}, T. and 
	{Wild}, V. and {Wilson}, G. and {Wuyts}, S. and {Yan}, H.-J. and 
	{Yun}, M.~S.},
    title = "{CANDELS: The Cosmic Assembly Near-infrared Deep Extragalactic Legacy Survey}",
  journal = {\apjs},
archivePrefix = "arXiv",
   eprint = {1105.3753},
 keywords = {cosmology: observations, galaxies: high-redshift},
     year = 2011,
    month = dec,
   volume = 197,
      eid = {35},
    pages = {35},
      doi = {10.1088/0067-0049/197/2/35},
   adsurl = {http://adsabs.harvard.edu/abs/2011ApJS..197...35G},
  adsnote = {Provided by the SAO/NASA Astrophysics Data System}
}

@ARTICLE{cao2016limits,
   author = {{Cao}, S. and {Biesiada}, M. and {Yao}, M. and {Zhu}, Z.-H.},
    title = "{Limits on the power-law mass and luminosity density profiles of elliptical galaxies from gravitational lensing systems}",
  journal = {\mnras},
archivePrefix = "arXiv",
   eprint = {1604.05625},
 keywords = {gravitational lensing: strong, galaxies: structure, cosmology: theory},
     year = 2016,
    month = sep,
   volume = 461,
    pages = {2192-2199},
      doi = {10.1093/mnras/stw932},
   adsurl = {http://adsabs.harvard.edu/abs/2016MNRAS.461.2192C},
  adsnote = {Provided by the SAO/NASA Astrophysics Data System}
}

@ARTICLE{Capaccioli_Schipani11,
   author = {{Capaccioli}, M. and {Schipani}, P.},
    title = "{The VLT Survey Telescope Opens to the Sky: History of a Commissioning}",
  journal = {The Messenger},
     year = 2011,
    month = dec,
   volume = 146,
    pages = {2-7},
   adsurl = {http://adsabs.harvard.edu/abs/2011Msngr.146....2C},
  adsnote = {Provided by the SAO/NASA Astrophysics Data System}
}

@ARTICLE{Cardone2009,
   author = {{Cardone}, V.~F. and {Tortora}, C. and {Molinaro}, R. and {Salzano}, V.
	},
    title = "{The global mass-to-light ratio of SLACS lenses}",
  journal = {\aap},
archivePrefix = "arXiv",
   eprint = {0905.4246},
 keywords = {galaxies: kinematics and dynamics, galaxies: fundamental parameters, galaxies: elliptical and lenticular, Cd, gravitational lensing, cosmology: dark matter},
     year = 2009,
    month = sep,
   volume = 504,
    pages = {769-788},
      doi = {10.1051/0004-6361/200811090},
   adsurl = {http://adsabs.harvard.edu/abs/2009A%26A...504..769C},
  adsnote = {Provided by the SAO/NASA Astrophysics Data System}
}

@ARTICLE{Cardone2010,
   author = {{Cardone}, V.~F. and {Tortora}, C.},
    title = "{Dark matter scaling relations in intermediate z haloes}",
  journal = {\mnras},
archivePrefix = "arXiv",
   eprint = {1007.3673},
 keywords = {galaxies: elliptical and lenticular, cD, galaxies: kinematics and dynamics, dark matter},
     year = 2010,
    month = dec,
   volume = 409,
    pages = {1570-1576},
      doi = {10.1111/j.1365-2966.2010.17398.x},
   adsurl = {http://adsabs.harvard.edu/abs/2010MNRAS.409.1570C},
  adsnote = {Provided by the SAO/NASA Astrophysics Data System}
}

@ARTICLE{carlstrom2011,
   author = {{Carlstrom}, J.~E. and {Ade}, P.~A.~R. and {Aird}, K.~A. and 
	{Benson}, B.~A. and {Bleem}, L.~E. and {Busetti}, S. and {Chang}, C.~L. and 
	{Chauvin}, E. and {Cho}, H.-M. and {Crawford}, T.~M. and {Crites}, A.~T. and 
	{Dobbs}, M.~A. and {Halverson}, N.~W. and {Heimsath}, S. and 
	{Holzapfel}, W.~L. and {Hrubes}, J.~D. and {Joy}, M. and {Keisler}, R. and 
	{Lanting}, T.~M. and {Lee}, A.~T. and {Leitch}, E.~M. and {Leong}, J. and 
	{Lu}, W. and {Lueker}, M. and {Luong-Van}, D. and {McMahon}, J.~J. and 
	{Mehl}, J. and {Meyer}, S.~S. and {Mohr}, J.~J. and {Montroy}, T.~E. and 
	{Padin}, S. and {Plagge}, T. and {Pryke}, C. and {Ruhl}, J.~E. and 
	{Schaffer}, K.~K. and {Schwan}, D. and {Shirokoff}, E. and {Spieler}, H.~G. and 
	{Staniszewski}, Z. and {Stark}, A.~A. and {Tucker}, C. and {Vanderlinde}, K. and 
	{Vieira}, J.~D. and {Williamson}, R.},
    title = "{The 10 Meter South Pole Telescope}",
  journal = {\pasp},
archivePrefix = "arXiv",
   eprint = {0907.4445},
 primaryClass = "astro-ph.IM",
     year = 2011,
    month = may,
   volume = 123,
    pages = {568-581},
      doi = {10.1086/659879},
   adsurl = {http://adsabs.harvard.edu/abs/2011PASP..123..568C},
  adsnote = {Provided by the SAO/NASA Astrophysics Data System}
}

@ARTICLE{Cavuoti2015,
   author = {{Cavuoti}, S. and {Brescia}, M. and {Tortora}, C. and {Longo}, G. and 
	{Napolitano}, N.~R. and {Radovich}, M. and {Barbera}, F.~L. and 
	{Capaccioli}, M. and {de Jong}, J.~T.~A. and {Getman}, F. and 
	{Grado}, A. and {Paolillo}, M.},
    title = "{Machine-learning-based photometric redshifts for galaxies of the ESO Kilo-Degree Survey data release 2}",
  journal = {\mnras},
archivePrefix = "arXiv",
   eprint = {1507.00754},
 primaryClass = "astro-ph.IM",
 keywords = {techniques: photometric, galaxies: distances and redshifts, galaxies: photometry},
     year = 2015,
    month = sep,
   volume = 452,
    pages = {3100-3105},
      doi = {10.1093/mnras/stv1496},
   adsurl = {http://adsabs.harvard.edu/abs/2015MNRAS.452.3100C},
  adsnote = {Provided by the SAO/NASA Astrophysics Data System}
}

@ARTICLE{Chabrier01,
   author = {{Chabrier}, G.},
    title = "{The Galactic Disk Mass Budget. I. Stellar Mass Function and Density}",
  journal = {\apj},
   eprint = {arXiv:astro-ph/0107018},
 keywords = {Cosmology: Dark Matter, Stars: Low-Mass, Brown Dwarfs, Stars: Luminosity Function, Mass Function},
     year = 2001,
    month = jun,
   volume = 554,
    pages = {1274-1281},
      doi = {10.1086/321401},
   adsurl = {http://adsabs.harvard.edu/abs/2001ApJ...554.1274C},
  adsnote = {Provided by the SAO/NASA Astrophysics Data System}
}


@ARTICLE{Chevance+12,
   author = {{Chevance}, M. and {Weijmans}, A.-M. and {Damjanov}, I. and 
	{Abraham}, R.~G. and {Simard}, L. and {van den Bergh}, S. and 
	{Caris}, E. and {Glazebrook}, K.},
    title = "{On the Shapes and Structures of High-redshift Compact Galaxies}",
  journal = {\apjl},
archivePrefix = "arXiv",
   eprint = {1206.3579},
 keywords = {galaxies: evolution, galaxies: formation, galaxies: fundamental parameters, galaxies: statistics, galaxies: structure},
     year = 2012,
    month = aug,
   volume = 754,
      eid = {L24},
    pages = {L24},
      doi = {10.1088/2041-8205/754/2/L24},
   adsurl = {http://adsabs.harvard.edu/abs/2012ApJ...754L..24C},
  adsnote = {Provided by the SAO/NASA Astrophysics Data System}
}


@ARTICLE{coles2008,
  author = {{Coles}, J.},
  title = {{A New Estimate of the Hubble Time with Improved Modeling of Gravitational
	Lenses}},
  journal = {\apj},
  year = {2008},
  volume = {679},
  pages = {17-24},
  month = may,
  adsnote = {Provided by the SAO/NASA Astrophysics Data System},
  adsurl = {http://adsabs.harvard.edu/abs/2008ApJ...679...17C},
  archiveprefix = {arXiv},
  doi = {10.1086/587635},
  eprint = {0802.3219},
  keywords = {Cosmology: Cosmological Parameters, Cosmology: Gravitational Lensing}
}

@ARTICLE{collet2015,
   author = {{Collett}, T.~E.},
    title = "{The Population of Galaxy-Galaxy Strong Lenses in Forthcoming Optical Imaging Surveys}",
  journal = {\apj},
archivePrefix = "arXiv",
   eprint = {1507.02657},
 keywords = {gravitational lensing: strong},
     year = 2015,
    month = sep,
   volume = 811,
      eid = {20},
    pages = {20},
      doi = {10.1088/0004-637X/811/1/20},
   adsurl = {http://adsabs.harvard.edu/abs/2015ApJ...811...20C},
  adsnote = {Provided by the SAO/NASA Astrophysics Data System}
}
@article{chae2003cosmic,
  title={The Cosmic Lens All-Sky Survey: statistical strong lensing, cosmological parameters, and global properties of galaxy populations},
  author={Chae, Kyu-Hyun},
  journal={\mnras},
  volume={346},
  number={3},
  pages={746--772},
  year={2003},
  publisher={Oxford University Press}
}

@article{GAMAdriver2011,
  title={Galaxy and Mass Assembly (GAMA): survey diagnostics and core data release},
  author={Driver, Simon P and Hill, David T and Kelvin, Lee S and Robotham, Aaron SG and Liske, Jochen and Norberg, Peder and Baldry, Ivan K and Bamford, Steven P and Hopkins, Andrew M and Loveday, Jon and others},
  journal={Monthly Notices of the Royal Astronomical Society},
  volume={413},
  number={2},
  pages={971--995},
  year={2011},
  publisher={Oxford University Press}
}

@ARTICLE{GAMALiske2015,
   author = {{Liske}, J. and {Baldry}, I.~K. and {Driver}, S.~P. and {Tuffs}, R.~J. and 
	{Alpaslan}, M. and {Andrae}, E. and {Brough}, S. and {Cluver}, M.~E. and 
	{Grootes}, M.~W. and {Gunawardhana}, M.~L.~P. and {Kelvin}, L.~S. and 
	{Loveday}, J. and {Robotham}, A.~S.~G. and {Taylor}, E.~N. and 
	{Bamford}, S.~P. and {Bland-Hawthorn}, J. and {Brown}, M.~J.~I. and 
	{Drinkwater}, M.~J. and {Hopkins}, A.~M. and {Meyer}, M.~J. and 
	{Norberg}, P. and {Peacock}, J.~A. and {Agius}, N.~K. and {Andrews}, S.~K. and 
	{Bauer}, A.~E. and {Ching}, J.~H.~Y. and {Colless}, M. and {Conselice}, C.~J. and 
	{Croom}, S.~M. and {Davies}, L.~J.~M. and {De Propris}, R. and 
	{Dunne}, L. and {Eardley}, E.~M. and {Ellis}, S. and {Foster}, C. and 
	{Frenk}, C.~S. and {H{\"a}u{\ss}ler}, B. and {Holwerda}, B.~W. and 
	{Howlett}, C. and {Ibarra}, H. and {Jarvis}, M.~J. and {Jones}, D.~H. and 
	{Kafle}, P.~R. and {Lacey}, C.~G. and {Lange}, R. and {Lara-L{\'o}pez}, M.~A. and 
	{L{\'o}pez-S{\'a}nchez}, {\'A}.~R. and {Maddox}, S. and {Madore}, B.~F. and 
	{McNaught-Roberts}, T. and {Moffett}, A.~J. and {Nichol}, R.~C. and 
	{Owers}, M.~S. and {Palamara}, D. and {Penny}, S.~J. and {Phillipps}, S. and 
	{Pimbblet}, K.~A. and {Popescu}, C.~C. and {Prescott}, M. and 
	{Proctor}, R. and {Sadler}, E.~M. and {Sansom}, A.~E. and {Seibert}, M. and 
	{Sharp}, R. and {Sutherland}, W. and {V{\'a}zquez-Mata}, J.~A. and 
	{van Kampen}, E. and {Wilkins}, S.~M. and {Williams}, R. and 
	{Wright}, A.~H.},
    title = "{Galaxy And Mass Assembly (GAMA): end of survey report and data release 2}",
  journal = {\mnras},
archivePrefix = "arXiv",
   eprint = {1506.08222},
 keywords = {surveys, galaxies: distances and redshifts, galaxies: fundamental parameters, galaxies: general, galaxies: photometry, galaxies: statistics},
     year = 2015,
    month = sep,
   volume = 452,
    pages = {2087-2126},
      doi = {10.1093/mnras/stv1436},
   adsurl = {http://adsabs.harvard.edu/abs/2015MNRAS.452.2087L},
  adsnote = {Provided by the SAO/NASA Astrophysics Data System}
}

@ARTICLE{deane2013,
  author = {{Deane}, R.~P. and {Rawlings}, S. and {Garrett}, M.~A. and {Heywood},
	I. and {Jarvis}, M.~J. and {Kl{\"o}ckner}, H.-R. and {Marshall},
	P.~J. and {McKean}, J.~P.},
  title = {{The preferentially magnified active nucleus in IRAS F10214+4724
	- III. VLBI observations of the radio core}},
  journal = {\mnras},
  year = {2013},
  volume = {434},
  pages = {3322-3336},
  month = oct,
  adsnote = {Provided by the SAO/NASA Astrophysics Data System},
  adsurl = {http://adsabs.harvard.edu/abs/2013MNRAS.434.3322D},
  archiveprefix = {arXiv},
  doi = {10.1093/mnras/stt1241},
  eprint = {1307.6566},
  keywords = {gravitational lensing: strong, galaxies: active, galaxies: individual:
	IRAS F10214+4724},
  primaryclass = {astro-ph.CO}
}

@ARTICLE{DES,
   author = {{The Dark Energy Survey Collaboration}},
    title = "{The Dark Energy Survey}",
  journal = {ArXiv e-prints},
   archivePrefix = "arXiv",
   eprint = {astro-ph/0510346},
 keywords = {Astrophysics},
     year = 2005,
    month = oct,
   adsurl = {http://adsabs.harvard.edu/abs/2005astro.ph.10346T},
  adsnote = {Provided by the SAO/NASA Astrophysics Data System}
}

@ARTICLE{deJong+15_KiDS_paperI,
   author = {{de Jong}, J.~T.~A. and {Verdoes Kleijn}, G.~A. and {Boxhoorn}, D.~R. and
    {Buddelmeijer}, H. and {Capaccioli}, M. and {Getman}, F. and
    {Grado}, A. and {Helmich}, E. and {Huang}, Z. and {Irisarri}, N. and
    {Kuijken}, K. and {La Barbera}, F. and {McFarland}, J.~P. and
    {Napolitano}, N.~R. and {Radovich}, M. and {Sikkema}, G. and
    {Valentijn}, E.~A. and {Begeman}, K.~G. and {Brescia}, M. and
    {Cavuoti}, S. and {Choi}, A. and {Cordes}, O.-M. and {Covone}, G. and
    {Dall'Ora}, M. and {Hildebrandt}, H. and {Longo}, G. and {Nakajima}, R. and
    {Paolillo}, M. and {Puddu}, E. and {Rifatto}, A. and {Tortora}, C. and
    {van Uitert}, E. and {Buddendiek}, A. and {Harnois-D{\'e}raps}, J. and
    {Erben}, T. and {Eriksen}, M.~B. and {Heymans}, C. and {Hoekstra}, H. and
    {Joachimi}, B. and {Kitching}, T.~D. and {Klaes}, D. and {Koopmans}, L.~V.~E. and
    {K{\"o}hlinger}, F. and {Roy}, N. and {Sif{\'o}n}, C. and {Schneider}, P. and
    {Sutherland}, W.~J. and {Viola}, M. and {Vriend}, W.-J.},
    title = "{The first and second data releases of the Kilo-Degree Survey}",
  journal = {\aap},
archivePrefix = "arXiv",
   eprint = {1507.00742},
 keywords = {methods: observational, surveys, galaxies: general, large-scale structure of Universe},
     year = 2015,
    month = oct,
   volume = 582,
      eid = {A62},
    pages = {A62},
      doi = {10.1051/0004-6361/201526601},
   adsurl = {http://adsabs.harvard.edu/abs/2015A%26A...582A..62D},
  adsnote = {Provided by the SAO/NASA Astrophysics Data System}
}

@ARTICLE{deVauc48,
   author = {{de Vaucouleurs}, G.},
    title = "{Recherches sur les Nebuleuses Extragalactiques}",
  journal = {Annales d'Astrophysique},
     year = 1948,
    month = jan,
   volume = 11,
    pages = {247},
   adsurl = {http://adsabs.harvard.edu/abs/1948AnAp...11..247D},
  adsnote = {Provided by the SAO/NASA Astrophysics Data System}
}

@article{dieleman2015rotation,
  title={Rotation-invariant convolutional neural networks for galaxy morphology prediction},
  author={Dieleman, Sander and Willett, Kyle W and Dambre, Joni},
  journal={\mnras},
  volume={450},
  number={2},
  pages={1441--1459},
  year={2015},
  publisher={Oxford University Press}
}

@ARTICLE{Eisenstein2001,
   author = {{Eisenstein}, D.~J. and {Annis}, J. and {Gunn}, J.~E. and {Szalay}, A.~S. and 
	{Connolly}, A.~J. and {Nichol}, R.~C. and {Bahcall}, N.~A. and 
	{Bernardi}, M. and {Burles}, S. and {Castander}, F.~J. and {Fukugita}, M. and 
	{Hogg}, D.~W. and {Ivezi{\'c}}, {\v Z}. and {Knapp}, G.~R. and 
	{Lupton}, R.~H. and {Narayanan}, V. and {Postman}, M. and {Reichart}, D.~E. and 
	{Richmond}, M. and {Schneider}, D.~P. and {Schlegel}, D.~J. and 
	{Strauss}, M.~A. and {SubbaRao}, M. and {Tucker}, D.~L. and 
	{Vanden Berk}, D. and {Vogeley}, M.~S. and {Weinberg}, D.~H. and 
	{Yanny}, B.},
    title = "{Spectroscopic Target Selection for the Sloan Digital Sky Survey: The Luminous Red Galaxy Sample}",
  journal = {\aj},
   eprint = {astro-ph/0108153},
 keywords = {Cosmology: Observations, Galaxies: Clusters: General, Galaxies: Distances and Redshifts, Galaxies: Elliptical and Lenticular, cD, Cosmology: Large-Scale Structure of Universe, Surveys},
     year = 2001,
    month = nov,
   volume = 122,
    pages = {2267-2280},
      doi = {10.1086/323717},
   adsurl = {http://adsabs.harvard.edu/abs/2001AJ....122.2267E},
  adsnote = {Provided by the SAO/NASA Astrophysics Data System}
}

@ARTICLE{Estrada2007,
   author = {{Estrada}, J. and {Annis}, J. and {Diehl}, H.~T. and {Hall}, P.~B. and 
	{Las}, T. and {Lin}, H. and {Makler}, M. and {Merritt}, K.~W. and 
	{Scarpine}, V. and {Allam}, S. and {Tucker}, D.},
    title = "{A Systematic Search for High Surface Brightness Giant Arcs in a Sloan Digital Sky Survey Cluster Sample}",
  journal = {\apj},
   eprint = {astro-ph/0701383},
 keywords = {Galaxies: Clusters: General, Cosmology: Gravitational Lensing, Surveys},
     year = 2007,
    month = may,
   volume = 660,
    pages = {1176-1185},
      doi = {10.1086/512599},
   adsurl = {http://adsabs.harvard.edu/abs/2007ApJ...660.1176E},
  adsnote = {Provided by the SAO/NASA Astrophysics Data System}
}

@ARTICLE{EUCLID,
   author = {{Refregier}, A. and {Amara}, A. and {Kitching}, T.~D. and {Rassat}, A. and 
	{Scaramella}, R. and {Weller}, J. and {Euclid Imaging Consortium}, f.~t.
	},
    title = "{Euclid Imaging Consortium Science Book}",
  journal = {ArXiv e-prints},
archivePrefix = "arXiv",
   eprint = {1001.0061},
 primaryClass = "astro-ph.IM",
 keywords = {Astrophysics - Instrumentation and Methods for Astrophysics, Astrophysics - Cosmology and Extragalactic Astrophysics},
     year = 2010,
    month = jan,
   adsurl = {http://adsabs.harvard.edu/abs/2010arXiv1001.0061R},
  adsnote = {Provided by the SAO/NASA Astrophysics Data System}
}

@ARTICLE{ferreras2010,
  author = {{Ferreras}, I. and {Saha}, P. and {Leier}, D. and {Courbin}, F. and
	{Falco}, E.~E.},
  title = {{Constraining the low-mass end of the initial mass function with
	gravitational lensing}},
  journal = {\mnras},
  year = {2010},
  volume = {409},
  pages = {L30-L34},
  month = nov,
  adsnote = {Provided by the SAO/NASA Astrophysics Data System},
  adsurl = {http://adsabs.harvard.edu/abs/2010MNRAS.409L..30F},
  archiveprefix = {arXiv},
  doi = {10.1111/j.1745-3933.2010.00941.x},
  eprint = {1008.4363},
  keywords = {gravitational lensing: strong, stars: luminosity function, mass function,
	galaxies: individual: 2237+0305, galaxies: stellar content},
  primaryclass = {astro-ph.CO}
}

@ARTICLE{Foex+13_SARCS,
   author = {{Fo{\"e}x}, G. and {Motta}, V. and {Limousin}, M. and {Verdugo}, T. and 
	{More}, A. and {Cabanac}, R. and {Gavazzi}, R. and {Mu{\~n}oz}, R.~P.
	},
    title = "{SARCS strong-lensing galaxy groups. I. Optical, weak lensing, and scaling laws}",
  journal = {\aap},
archivePrefix = "arXiv",
   eprint = {1308.4674},
 keywords = {gravitational lensing: weak, cosmology: observations, dark matter, galaxies: groups: general},
     year = 2013,
    month = nov,
   volume = 559,
      eid = {A105},
    pages = {A105},
      doi = {10.1051/0004-6361/201321112},
   adsurl = {http://adsabs.harvard.edu/abs/2013A%26A...559A.105F},
  adsnote = {Provided by the SAO/NASA Astrophysics Data System}
}

@article{fukugita1992statistical,
  title={Statistical properties of gravitational lenses with a nonzero cosmological constant},
  author={Fukugita, M and Futamase, T and Kasai, M and Turner, EL},
  journal={\apj},
  volume={393},
  pages={3--21},
  year={1992}
}

@article{fukushima1980neocognitron,
  title={Neocognitron: A self-organizing neural network model for a mechanism of pattern recognition unaffected by shift in position},
  author={Fukushima, Kunihiko},
  journal={Biological cybernetics},
  volume={36},
  number={4},
  pages={193--202},
  year={1980},
  publisher={Springer}
}

@ARTICLE{gavazzi2007,
  author = {{Gavazzi}, R. and {Treu}, T. and {Rhodes}, J.~D. and {Koopmans},
	L.~V.~E. and {Bolton}, A.~S. and {Burles}, S. and {Massey}, R.~J.
	and {Moustakas}, L.~A. },
  title = {{The Sloan Lens ACS Survey. IV. The Mass Density Profile of Early-Type
	Galaxies out to 100 Effective Radii}},
  journal = {\apj},
  year = {2007},
  volume = {667},
  pages = {176-190},
  month = sep,
  adsnote = {Provided by the SAO/NASA Astrophysics Data System},
  adsurl = {http://adsabs.harvard.edu/abs/2007ApJ...667..176G},
  doi = {10.1086/519237},
  eprint = {astro-ph/0701589},
  keywords = {Cosmology: Dark Matter, Galaxies: Elliptical and Lenticular, cD, Galaxies:
	Structure, Cosmology: Gravitational Lensing}
}

@ARTICLE{Gavazzi2014,
   author = {{Gavazzi}, R. and {Marshall}, P.~J. and {Treu}, T. and {Sonnenfeld}, A.
	},
    title = "{RINGFINDER: Automated Detection of Galaxy-scale Gravitational Lenses in Ground-based Multi-filter Imaging Data}",
  journal = {\apj},
archivePrefix = "arXiv",
   eprint = {1403.1041},
 keywords = {methods: data analysis, methods: statistical, galaxies: elliptical and lenticular, cD, gravitational lensing: strong, surveys, techniques: miscellaneous },
     year = 2014,
    month = apr,
   volume = 785,
      eid = {144},
    pages = {144},
      doi = {10.1088/0004-637X/785/2/144},
   adsurl = {http://adsabs.harvard.edu/abs/2014ApJ...785..144G},
  adsnote = {Provided by the SAO/NASA Astrophysics Data System}
}

@ARTICLE{Grillo2010,
  author = {{Grillo}, C. and {Eichner}, T. and {Seitz}, S. and {Bender}, R. and
	{Lombardi}, M. and {Gobat}, R. and {Bauer}, A.},
  title = {{Golden Gravitational Lensing Systems from the Sloan Lens ACS Survey.
	I. SDSS J1538+5817: One Lens for Two Sources}},
  journal = {\apj},
  year = {2010},
  volume = {710},
  pages = {372-384},
  month = feb,
  adsnote = {Provided by the SAO/NASA Astrophysics Data System},
  adsurl = {http://adsabs.harvard.edu/abs/2010ApJ...710..372G},
  archiveprefix = {arXiv},
  doi = {10.1088/0004-637X/710/1/372},
  eprint = {0912.0744},
  keywords = {dark matter, galaxies: elliptical and lenticular, cD, galaxies: individual:
	SDSS J1538+5817, galaxies: structure, gravitational lensing: strong}
}

@article{guo2016deep,
  title={Deep learning for visual understanding: A review},
  author={Guo, Yanming and Liu, Yu and Oerlemans, Ard and Lao, Songyang and Wu, Song and Lew, Michael S},
  journal={Neurocomputing},
  volume={187},
  pages={27--48},
  year={2016},
  publisher={Elsevier}
}

@ARTICLE{Mason2016,
   author = {{Mason}, C.~A. and {Treu}, T. and {Fontana}, A. and {Jones}, T. and 
	{Morishita}, T. and {Amorin}, R. and {Bradac}, M. and {Finney}, E. and 
	{Henry}, A. and {Hoag}, A. and {Huang}, K.-H. and {Schmidt}, K.~B. and 
	{Trenti}, M. and {Vulcani}, B.},
    title = "{First Results from the KMOS Lens-Amplified Spectroscopic Survey (KLASS): Kinematics of Lensed Galaxies at Cosmic Noon}",
  journal = {ArXiv e-prints},
archivePrefix = "arXiv",
   eprint = {1610.03075},
 keywords = {Astrophysics - Astrophysics of Galaxies},
     year = 2016,
    month = oct,
   adsurl = {http://adsabs.harvard.edu/abs/2016arXiv161003075M},
  adsnote = {Provided by the SAO/NASA Astrophysics Data System}
}

@article{he2015deep,
  author    = {Kaiming He and
               Xiangyu Zhang and
               Shaoqing Ren and
               Jian Sun},
  title     = {Deep Residual Learning for Image Recognition},
  journal   = {CoRR},
  volume    = {abs/1512.03385},
  year      = {2015},
  url       = {http://arxiv.org/abs/1512.03385},
  timestamp = {Wed, 30 Mar 2016 23:40:00 +0200},
  biburl    = {http://dblp.uni-trier.de/rec/bib/journals/corr/HeZRS15},
  bibsource = {dblp computer science bibliography, http://dblp.org}
}

@inproceedings{he2015delving,
  title={Delving deep into rectifiers: Surpassing human-level performance on imagenet classification},
  author={He, Kaiming and Zhang, Xiangyu and Ren, Shaoqing and Sun, Jian},
  booktitle={Proceedings of the IEEE International Conference on Computer Vision},
  pages={1026--1034},
  year={2015}
}

@ARTICLE{hinton2012improving,
   author = {{Hinton}, G.~E. and {Srivastava}, N. and {Krizhevsky}, A. and 
	{Sutskever}, I. and {Salakhutdinov}, R.~R.},
    title = "{Improving neural networks by preventing co-adaptation of feature detectors}",
  journal = {ArXiv e-prints},
archivePrefix = "arXiv",
   eprint = {1207.0580},
 keywords = {Computer Science - Neural and Evolutionary Computing, Computer Science - Computer Vision and Pattern Recognition, Computer Science - Learning},
     year = 2012,
    month = jul,
   adsurl = {http://adsabs.harvard.edu/abs/2012arXiv1207.0580H},
  adsnote = {Provided by the SAO/NASA Astrophysics Data System}
}


@ARTICLE{Hoag1950,
   author = {{Hoag}, A.~A.},
    title = "{A peculiar object in Serpens.}",
  journal = {\aj},
     year = 1950,
    month = oct,
   volume = 55,
    pages = {170-170},
      doi = {10.1086/106427},
   adsurl = {http://adsabs.harvard.edu/abs/1950AJ.....55Q.170H},
  adsnote = {Provided by the SAO/NASA Astrophysics Data System}
}

@ARTICLE{Horesh2005,
   author = {{Horesh}, A. and {Ofek}, E.~O. and {Maoz}, D. and {Bartelmann}, M. and 
	{Meneghetti}, M. and {Rix}, H.-W.},
    title = "{The Lensed Arc Production Efficiency of Galaxy Clusters: A Comparison of Matched Observed and Simulated Samples}",
  journal = {\apj},
   eprint = {astro-ph/0507454},
 keywords = {Cosmology: Dark Matter, Galaxies: Clusters: General, Cosmology: Gravitational Lensing, Methods: Data Analysis},
     year = 2005,
    month = nov,
   volume = 633,
    pages = {768-780},
      doi = {10.1086/466519},
   adsurl = {http://adsabs.harvard.edu/abs/2005ApJ...633..768H},
  adsnote = {Provided by the SAO/NASA Astrophysics Data System}
}

@ARTICLE{Hoyle2016,
   author = {{Hoyle}, B.},
    title = "{Measuring photometric redshifts using galaxy images and Deep Neural Networks}",
  journal = {Astronomy and Computing},
archivePrefix = "arXiv",
   eprint = {1504.07255},
 primaryClass = "astro-ph.IM",
 keywords = {Astronomy, Machine learning, Cosmology},
     year = 2016,
    month = jul,
   volume = 16,
    pages = {34-40},
      doi = {10.1016/j.ascom.2016.03.006},
   adsurl = {http://adsabs.harvard.edu/abs/2016A%26C....16...34H},
  adsnote = {Provided by the SAO/NASA Astrophysics Data System}
}

@ARTICLE{Huertas2015,
   author = {{Huertas-Company}, M. and {Gravet}, R. and {Cabrera-Vives}, G. and 
	{P{\'e}rez-Gonz{\'a}lez}, P.~G. and {Kartaltepe}, J.~S. and 
	{Barro}, G. and {Bernardi}, M. and {Mei}, S. and {Shankar}, F. and 
	{Dimauro}, P. and {Bell}, E.~F. and {Kocevski}, D. and {Koo}, D.~C. and 
	{Faber}, S.~M. and {Mcintosh}, D.~H.},
    title = "{A Catalog of Visual-like Morphologies in the 5 CANDELS Fields Using Deep Learning}",
  journal = {\apjs},
archivePrefix = "arXiv",
   eprint = {1509.05429},
 keywords = {catalogs, galaxies: high-redshift, galaxies: structure, surveys},
     year = 2015,
    month = nov,
   volume = 221,
      eid = {8},
    pages = {8},
      doi = {10.1088/0067-0049/221/1/8},
   adsurl = {http://adsabs.harvard.edu/abs/2015ApJS..221....8H},
  adsnote = {Provided by the SAO/NASA Astrophysics Data System}
}

@inproceedings{HSCmiyazaki2012hyper,
  title={Hyper suprime-cam},
  author={Miyazaki, Satoshi and Komiyama, Yutaka and Nakaya, Hidehiko and Kamata, Yukiko and Doi, Yoshi and Hamana, Takashi and Karoji, Hiroshi and Furusawa, Hisanori and Kawanomoto, Satoshi and Morokuma, Tomoki and others},
  booktitle={SPIE Astronomical Telescopes+ Instrumentation},
  pages={84460Z--84460Z},
  year={2012},
  organization={International Society for Optics and Photonics}
}

@article{ILSVRC15,
Author = {Olga Russakovsky and Jia Deng and Hao Su and Jonathan Krause and Sanjeev Satheesh and Sean Ma and Zhiheng Huang and Andrej Karpathy and Aditya Khosla and Michael Bernstein and Alexander C. Berg and Li Fei-Fei},
Title = {{ImageNet Large Scale Visual Recognition Challenge}},
Year = {2015},
journal   = {International Journal of Computer Vision (IJCV)},
doi = {10.1007/s11263-015-0816-y},
volume={115},
number={3},
pages={211-252}
}

@ARTICLE{Ilbert+06,
   author = {{Ilbert}, O. and {Arnouts}, S. and {McCracken}, H.~J. and {Bolzonella}, M. and
    {Bertin}, E. and {Le F{\`e}vre}, O. and {Mellier}, Y. and {Zamorani}, G. and
    {Pell{\`o}}, R. and {Iovino}, A. and {Tresse}, L. and {Le Brun}, V. and
    {Bottini}, D. and {Garilli}, B. and {Maccagni}, D. and {Picat}, J.~P. and
    {Scaramella}, R. and {Scodeggio}, M. and {Vettolani}, G. and
    {Zanichelli}, A. and {Adami}, C. and {Bardelli}, S. and {Cappi}, A. and
    {Charlot}, S. and {Ciliegi}, P. and {Contini}, T. and {Cucciati}, O. and
    {Foucaud}, S. and {Franzetti}, P. and {Gavignaud}, I. and {Guzzo}, L. and
    {Marano}, B. and {Marinoni}, C. and {Mazure}, A. and {Meneux}, B. and
    {Merighi}, R. and {Paltani}, S. and {Pollo}, A. and {Pozzetti}, L. and
    {Radovich}, M. and {Zucca}, E. and {Bondi}, M. and {Bongiorno}, A. and
    {Busarello}, G. and {de La Torre}, S. and {Gregorini}, L. and
    {Lamareille}, F. and {Mathez}, G. and {Merluzzi}, P. and {Ripepi}, V. and
    {Rizzo}, D. and {Vergani}, D.},
    title = "{Accurate photometric redshifts for the CFHT legacy survey calibrated using the VIMOS VLT deep survey}",
  journal = {\aap},
   eprint = {astro-ph/0603217},
 keywords = {galaxies: distances and redshifts, galaxies: photometry, methods: data analysis},
     year = 2006,
    month = oct,
   volume = 457,
    pages = {841-856},
      doi = {10.1051/0004-6361:20065138},
   adsurl = {http://adsabs.harvard.edu/abs/2006A%26A...457..841I},
  adsnote = {Provided by the SAO/NASA Astrophysics Data System}
}


@ARTICLE{impellizzeri2008,
  author = {{Impellizzeri}, C.~M.~V. and {McKean}, J.~P. and {Castangia}, P.
	and {Roy}, A.~L. and {Henkel}, C. and {Brunthaler}, A. and {Wucknitz},
	O. },
  title = {{A gravitationally lensed water maser in the early Universe}},
  journal = {\nat},
  year = {2008},
  volume = {456},
  pages = {927-929},
  month = dec,
  adsnote = {Provided by the SAO/NASA Astrophysics Data System},
  adsurl = {http://adsabs.harvard.edu/abs/2008Natur.456..927I},
  archiveprefix = {arXiv},
  doi = {10.1038/nature07544},
  eprint = {0901.1132}
}


@ARTICLE{Iodice2003,
   author = {{Iodice}, E. and {Arnaboldi}, M. and {Bournaud}, F. and {Combes}, F. and 
	{Sparke}, L.~S. and {van Driel}, W. and {Capaccioli}, M.},
    title = "{Polar Ring Galaxies and the Tully-Fisher Relation: Implications for the Dark Halo Shape}",
  journal = {\apj},
   eprint = {astro-ph/0211281},
 keywords = {Galaxies: Kinematics and Dynamics, Galaxies: Peculiar},
     year = 2003,
    month = mar,
   volume = 585,
    pages = {730-738},
      doi = {10.1086/346107},
   adsurl = {http://adsabs.harvard.edu/abs/2003ApJ...585..730I},
  adsnote = {Provided by the SAO/NASA Astrophysics Data System}
}

@ARTICLE{ioffe2015batch,
   author = {{Ioffe}, S. and {Szegedy}, C.},
    title = "{Batch Normalization: Accelerating Deep Network Training by Reducing Internal Covariate Shift}",
  journal = {ArXiv e-prints},
archivePrefix = "arXiv",
   eprint = {1502.03167},
 primaryClass = "cs.LG",
 keywords = {Computer Science - Learning},
     year = 2015,
    month = feb,
   adsurl = {http://adsabs.harvard.edu/abs/2015arXiv150203167I},
  adsnote = {Provided by the SAO/NASA Astrophysics Data System}
}

@ARTICLE{jiang2007,
  author = {{Jiang}, G. and {Kochanek}, C.~S.},
  title = {{The Baryon Fractions and Mass-to-Light Ratios of Early-Type Galaxies}},
  journal = {\apj},
  year = {2007},
  volume = {671},
  pages = {1568-1578},
  month = dec,
  adsnote = {Provided by the SAO/NASA Astrophysics Data System},
  adsurl = {http://adsabs.harvard.edu/abs/2007ApJ...671.1568J},
  archiveprefix = {arXiv},
  doi = {10.1086/522580},
  eprint = {0705.3647},
  keywords = {Galaxies: Elliptical and Lenticular, cD, Cosmology: Gravitational
	Lensing, Stellar Dynamics}
}


@ARTICLE{Joseph2014,
   author = {{Joseph}, R. and {Courbin}, F. and {Metcalf}, R.~B. and {Giocoli}, C. and 
	{Hartley}, P. and {Jackson}, N. and {Bellagamba}, F. and {Kneib}, J.-P. and 
	{Koopmans}, L. and {Lemson}, G. and {Meneghetti}, M. and {Meylan}, G. and 
	{Petkova}, M. and {Pires}, S.},
    title = "{A PCA-based automated finder for galaxy-scale strong lenses}",
  journal = {\aap},
archivePrefix = "arXiv",
   eprint = {1403.1063},
 primaryClass = "astro-ph.IM",
 keywords = {gravitational lensing: strong, techniques: image processing, methods: data analysis, dark matter, surveys, cosmological parameters},
     year = 2014,
    month = jun,
   volume = 566,
      eid = {A63},
    pages = {A63},
      doi = {10.1051/0004-6361/201423365},
   adsurl = {http://adsabs.harvard.edu/abs/2014A%26A...566A..63J},
  adsnote = {Provided by the SAO/NASA Astrophysics Data System}
}

@ARTICLE{Kim2016,
   author = {{Kim}, E.~J. and {Brunner}, R.~J.},
    title = "{Star-galaxy Classification Using Deep Convolutional Neural Networks}",
  journal = {ArXiv e-prints},
archivePrefix = "arXiv",
   eprint = {1608.04369},
 primaryClass = "astro-ph.IM",
 keywords = {Astrophysics - Instrumentation and Methods for Astrophysics, Astrophysics - Cosmology and Nongalactic Astrophysics, Astrophysics - Astrophysics of Galaxies, Computer Science - Computer Vision and Pattern Recognition},
     year = 2016,
    month = aug,
   adsurl = {http://adsabs.harvard.edu/abs/2016arXiv160804369K},
  adsnote = {Provided by the SAO/NASA Astrophysics Data System}
}

@ARTICLE{kingma2014adam,
   author = {{Kingma}, D. and {Ba}, J.},
    title = "{Adam: A Method for Stochastic Optimization}",
  journal = {ArXiv e-prints},
archivePrefix = "arXiv",
   eprint = {1412.6980},
 primaryClass = "cs.LG",
 keywords = {Computer Science - Learning},
     year = 2014,
    month = dec,
   adsurl = {http://adsabs.harvard.edu/abs/2014arXiv1412.6980K},
  adsnote = {Provided by the SAO/NASA Astrophysics Data System}
}


@article{kochanek1996flat,
  title={The flat-spectrum radio luminosity function, gravitational lensing, galaxy ellipticities, and cosmology},
  author={Kochanek, CS},
  journal={\apj},
  volume={473},
  number={2},
  pages={595},
  year={1996},
  publisher={IOP Publishing}
}


@ARTICLE{Komatsu+11_WMAP7,
   author = {{Komatsu}, E. and {Smith}, K.~M. and {Dunkley}, J. and {Bennett}, C.~L. and
    {Gold}, B. and {Hinshaw}, G. and {Jarosik}, N. and {Larson}, D. and
    {Nolta}, M.~R. and {Page}, L. and {Spergel}, D.~N. and {Halpern}, M. and
    {Hill}, R.~S. and {Kogut}, A. and {Limon}, M. and {Meyer}, S.~S. and
    {Odegard}, N. and {Tucker}, G.~S. and {Weiland}, J.~L. and {Wollack}, E. and
    {Wright}, E.~L.},
    title = "{Seven-year Wilkinson Microwave Anisotropy Probe (WMAP) Observations: Cosmological Interpretation}",
  journal = {\apjs},
archivePrefix = "arXiv",
   eprint = {1001.4538},
 primaryClass = "astro-ph.CO",
 keywords = {cosmic background radiation, cosmology: observations, dark matter, early universe, space vehicles},
     year = 2011,
    month = feb,
   volume = 192,
      eid = {18},
    pages = {18},
      doi = {10.1088/0067-0049/192/2/18},
   adsurl = {http://adsabs.harvard.edu/abs/2011ApJS..192...18K},
  adsnote = {Provided by the SAO/NASA Astrophysics Data System}
}


@ARTICLE{koopmans2003,
  author = {{Koopmans}, L.~V.~E. and {Treu}, T.},
  title = {{The Structure and Dynamics of Luminous and Dark Matter in the Early-Type
	Lens Galaxy of 0047-281 at z = 0.485}},
  journal = {\apj},
  year = {2003},
  volume = {583},
  pages = {606-615},
  month = feb,
  adsnote = {Provided by the SAO/NASA Astrophysics Data System},
  adsurl = {http://adsabs.harvard.edu/abs/2003ApJ...583..606K},
  doi = {10.1086/345423},
  eprint = {astro-ph/0205281},
  keywords = {Galaxies: Elliptical and Lenticular, cD, Galaxies: Evolution, Galaxies:
	Formation, Galaxies: Kinematics and Dynamics, Galaxies: Structure,
	Cosmology: Gravitational Lensing}
}

@ARTICLE{koopmans2006,
   author = {{Koopmans}, L.~V.~E. and {Treu}, T. and {Bolton}, A.~S. and 
	{Burles}, S. and {Moustakas}, L.~A.},
    title = "{The Sloan Lens ACS Survey. III. The Structure and Formation of Early-Type Galaxies and Their Evolution since z \~{} 1}",
  journal = {\apj},
   eprint = {astro-ph/0601628},
 keywords = {Galaxies: Elliptical and Lenticular, cD, Galaxies: Evolution, Galaxies: Formation, Galaxies: Structure, Cosmology: Gravitational Lensing},
     year = 2006,
    month = oct,
   volume = 649,
    pages = {599-615},
      doi = {10.1086/505696},
   adsurl = {http://adsabs.harvard.edu/abs/2006ApJ...649..599K},
  adsnote = {Provided by the SAO/NASA Astrophysics Data System}
}

@ARTICLE{koopmans2009,
  author = {{Koopmans}, L.~V.~E. and {Bolton}, A. and {Treu}, T. and {Czoske},
	O. and {Auger}, M.~W. and {Barnab{\`e}}, M. and {Vegetti}, S. and
	{Gavazzi}, R. and {Moustakas}, L.~A. and {Burles}, S.},
  title = {{The Structure and Dynamics of Massive Early-Type Galaxies: On Homology,
	Isothermality, and Isotropy Inside One Effective Radius}},
  journal = {\apjl},
  year = {2009},
  volume = {703},
  pages = {L51-L54},
  month = sep,
  adsnote = {Provided by the SAO/NASA Astrophysics Data System},
  adsurl = {http://adsabs.harvard.edu/abs/2009ApJ...703L..51K},
  archiveprefix = {arXiv},
  doi = {10.1088/0004-637X/703/1/L51},
  eprint = {0906.1349},
  keywords = {galaxies: structure, gravitational lensing},
  primaryclass = {astro-ph.CO}
}

@ARTICLE{KSB_SIE94,
   author = {{Kormann}, R. and {Schneider}, P. and {Bartelmann}, M.},
    title = "{Isothermal elliptical gravitational lens models}",
  journal = {\aap},
 keywords = {Astronomical Models, Ellipsoids, Gravitational Lenses, Isothermal Processes, Mass Distribution, Critical Velocity, Distortion, Finite Difference Theory, Vector Analysis},
     year = 1994,
    month = apr,
   volume = 284,
    pages = {285-299},
   adsurl = {http://adsabs.harvard.edu/abs/1994A%26A...284..285K},
  adsnote = {Provided by the SAO/NASA Astrophysics Data System}
}


@ARTICLE{Kubo2008,
   author = {{Kubo}, J.~M. and {Dell'Antonio}, I.~P.},
    title = "{A method to search for strong galaxy-galaxy lenses in optical imaging surveys}",
  journal = {\mnras},
archivePrefix = "arXiv",
   eprint = {0712.3063},
 keywords = {gravitational lensing , galaxies: haloes},
     year = 2008,
    month = apr,
   volume = 385,
    pages = {918-928},
      doi = {10.1111/j.1365-2966.2008.12880.x},
   adsurl = {http://adsabs.harvard.edu/abs/2008MNRAS.385..918K},
  adsnote = {Provided by the SAO/NASA Astrophysics Data System}
}

@ARTICLE{Kuijken11,
   author = {{Kuijken}, K.},
    title = "{OmegaCAM: ESO's Newest Imager}",
  journal = {The Messenger},
     year = 2011,
    month = dec,
   volume = 146,
    pages = {8-11},
   adsurl = {http://adsabs.harvard.edu/abs/2011Msngr.146....8K},
  adsnote = {Provided by the SAO/NASA Astrophysics Data System}
}

@article{lecun1998gradient,
  title={Gradient-based learning applied to document recognition},
  author={LeCun, Yann and Bottou, L{\'e}on and Bengio, Yoshua and Haffner, Patrick},
  journal={Proceedings of the IEEE},
  volume={86},
  number={11},
  pages={2278--2324},
  year={1998},
  publisher={IEEE}
}

@article{lecun2015deep,
  title={Deep learning},
  author={LeCun, Yann and Bengio, Yoshua and Hinton, Geoffrey},
  journal={Nature},
  volume={521},
  number={7553},
  pages={436--444},
  year={2015},
  publisher={Nature Publishing Group}
}

@article{leier2016strong,
  title={Strong gravitational lensing and the stellar IMF of early-type galaxies},
  author={Leier, Dominik and Ferreras, Ignacio and Saha, Prasenjit and Charlot, St{\'e}phane and Bruzual, Gustavo and La Barbera, Francesco},
  journal={\mnras},
  volume={459},
  number={4},
  pages={3677--3692},
  year={2016},
  publisher={Oxford University Press}
}

@ARTICLE{Lenzen2004,
   author = {{Lenzen}, F. and {Schindler}, S. and {Scherzer}, O.},
    title = "{Automatic detection of arcs and arclets formed by gravitational lensing}",
  journal = {\aap},
   eprint = {astro-ph/0311554},
 keywords = {methods: data analysis, techniques: image processing, galaxies: clusters: general, gravitational lensing},
     year = 2004,
    month = mar,
   volume = 416,
    pages = {391-401},
      doi = {10.1051/0004-6361:20034619},
   adsurl = {http://adsabs.harvard.edu/abs/2004A%26A...416..391L},
  adsnote = {Provided by the SAO/NASA Astrophysics Data System}
}

@ARTICLE{Li2016,
   author = {{Li}, R. and {Frenk}, C.~S. and {Cole}, S. and {Gao}, L. and 
	{Bose}, S. and {Hellwing}, W.~A.},
    title = "{Constraints on the identity of the dark matter from strong gravitational lenses}",
  journal = {\mnras},
archivePrefix = "arXiv",
   eprint = {1512.06507},
 keywords = {gravitational lensing: strong, methods: statistical, galaxies: haloes, dark matter},
     year = 2016,
    month = jul,
   volume = 460,
    pages = {363-372},
      doi = {10.1093/mnras/stw939},
   adsurl = {http://adsabs.harvard.edu/abs/2016MNRAS.460..363L},
  adsnote = {Provided by the SAO/NASA Astrophysics Data System}
}

@ARTICLE{Limousin2010,
   author = {{Limousin}, M. and {Jullo}, E. and {Richard}, J. and {Cabanac}, R. and 
	{Suyu}, S.~H. and {Halkola}, A. and {Kneib}, J.-P. and {Gavazzi}, R. and 
	{Soucail}, G.},
    title = "{Strong lensing as a probe of the mass distribution beyond the Einstein radius. Mass and light in SL2S J08544-0121, a galaxy group at z = 0.35}",
  journal = {\aap},
archivePrefix = "arXiv",
   eprint = {0906.4118},
 keywords = {gravitational lensing: strong, dark matter},
     year = 2010,
    month = dec,
   volume = 524,
      eid = {A95},
    pages = {A95},
      doi = {10.1051/0004-6361/200912747},
   adsurl = {http://adsabs.harvard.edu/abs/2010A%26A...524A..95L},
  adsnote = {Provided by the SAO/NASA Astrophysics Data System}
}

@ARTICLE{Madore2009,
   author = {{Madore}, B.~F. and {Nelson}, E. and {Petrillo}, K.},
    title = "{Atlas and Catalog of Collisional Ring Galaxies}",
  journal = {\apjs},
archivePrefix = "arXiv",
   eprint = {0902.4629},
 primaryClass = "astro-ph.CO",
 keywords = {galaxies: interactions, galaxies: luminosity function, mass function, galaxies: peculiar},
     year = 2009,
    month = apr,
   volume = 181,
    pages = {572-604},
      doi = {10.1088/0067-0049/181/2/572},
   adsurl = {http://adsabs.harvard.edu/abs/2009ApJS..181..572M},
  adsnote = {Provided by the SAO/NASA Astrophysics Data System}
}

@ARTICLE{Marshall2016,
   author = {{Marshall}, P.~J. and {Verma}, A. and {More}, A. and {Davis}, C.~P. and 
	{More}, S. and {Kapadia}, A. and {Parrish}, M. and {Snyder}, C. and 
	{Wilcox}, J. and {Baeten}, E. and {Macmillan}, C. and {Cornen}, C. and 
	{Baumer}, M. and {Simpson}, E. and {Lintott}, C.~J. and {Miller}, D. and 
	{Paget}, E. and {Simpson}, R. and {Smith}, A.~M. and {K{\"u}ng}, R. and 
	{Saha}, P. and {Collett}, T.~E.},
    title = "{SPACE WARPS - I. Crowdsourcing the discovery of gravitational lenses}",
  journal = {\mnras},
archivePrefix = "arXiv",
   eprint = {1504.06148},
 primaryClass = "astro-ph.IM",
 keywords = {gravitational lensing: strong, methods: statistical},
     year = 2016,
    month = jan,
   volume = 455,
    pages = {1171-1190},
      doi = {10.1093/mnras/stv2009},
   adsurl = {http://adsabs.harvard.edu/abs/2016MNRAS.455.1171M},
  adsnote = {Provided by the SAO/NASA Astrophysics Data System}
}


@ARTICLE{Maturi2014,
   author = {{Maturi}, M. and {Mizera}, S. and {Seidel}, G.},
    title = "{Multi-colour detection of gravitational arcs}",
  journal = {\aap},
archivePrefix = "arXiv",
   eprint = {1305.3608},
 keywords = {dark matter, galaxies: clusters: general, methods: observational, gravitational lensing: strong},
     year = 2014,
    month = jul,
   volume = 567,
      eid = {A111},
    pages = {A111},
      doi = {10.1051/0004-6361/201321634},
   adsurl = {http://adsabs.harvard.edu/abs/2014A%26A...567A.111M},
  adsnote = {Provided by the SAO/NASA Astrophysics Data System}
}

@ARTICLE{McKean2015,
   author = {{McKean}, J. and {Jackson}, N. and {Vegetti}, S. and {Rybak}, M. and 
	{Serjeant}, S. and {Koopmans}, L.~V.~E. and {Metcalf}, R.~B. and 
	{Fassnacht}, C. and {Marshall}, P.~J. and {Pandey-Pommier}, M.
	},
    title = "{Strong Gravitational Lensing with the SKA}",
  journal = {Proceedings of Science},
archivePrefix = "arXiv",
   eprint = {1502.03362},
     year = 2015,
    month = apr,
      eid = {84},
    pages = {84},
   adsurl = {http://adsabs.harvard.edu/abs/2015aska.confE..84M},
  adsnote = {Provided by the SAO/NASA Astrophysics Data System}
}

@article{moller2007strong,
  title={Strong lensing statistics in large, z≲ 0.2, surveys: bias in the lens galaxy population},
  author={M{\"o}ller, Ole and Kitzbichler, Manfred and Natarajan, Priyamvada},
  journal={\mnras},
  volume={379},
  number={3},
  pages={1195--1208},
  year={2007},
  publisher={Oxford University Press}
}

@ARTICLE{Moore2008,
  author = {{More}, A. and {McKean}, J.~P. and {Muxlow}, T.~W.~B. and {Porcas},
	R.~W. and {Fassnacht}, C.~D. and {Koopmans}, L.~V.~E.},
  title = {{Probing a massive radio galaxy with gravitational lensing}},
  journal = {\mnras},
  year = {2008},
  volume = {384},
  pages = {1701-1710},
  month = mar,
  adsnote = {Provided by the SAO/NASA Astrophysics Data System},
  adsurl = {http://adsabs.harvard.edu/abs/2008MNRAS.384.1701M},
  archiveprefix = {arXiv},
  doi = {10.1111/j.1365-2966.2007.12831.x},
  eprint = {0712.1145},
  keywords = {gravitational lensing , quasars: individual: CLASS B2108+213 , cosmology:
	observations}
}

@ARTICLE{More2012,
   author = {{More}, A. and {Cabanac}, R. and {More}, S. and {Alard}, C. and 
	{Limousin}, M. and {Kneib}, J.-P. and {Gavazzi}, R. and {Motta}, V.
	},
    title = "{The CFHTLS-Strong Lensing Legacy Survey (SL2S): Investigating the Group-scale Lenses with the SARCS Sample}",
  journal = {\apj},
archivePrefix = "arXiv",
   eprint = {1109.1821},
 keywords = {dark matter, gravitational lensing: strong, methods: data analysis, surveys},
     year = 2012,
    month = apr,
   volume = 749,
      eid = {38},
    pages = {38},
      doi = {10.1088/0004-637X/749/1/38},
   adsurl = {http://adsabs.harvard.edu/abs/2012ApJ...749...38M},
  adsnote = {Provided by the SAO/NASA Astrophysics Data System}
}

@ARTICLE{more2011,
  author = {{More}, S. and {van den Bosch}, F.~C. and {Cacciato}, M. and {Skibba},
	R. and {Mo}, H.~J. and {Yang}, X.},
  title = {{Satellite kinematics - III. Halo masses of central galaxies in SDSS}},
  journal = {\mnras},
  year = {2011},
  volume = {410},
  pages = {210-226},
  month = jan,
  adsnote = {Provided by the SAO/NASA Astrophysics Data System},
  adsurl = {http://adsabs.harvard.edu/abs/2011MNRAS.410..210M},
  archiveprefix = {arXiv},
  doi = {10.1111/j.1365-2966.2010.17436.x},
  eprint = {1003.3203},
  keywords = {methods: statistical, galaxies: haloes, galaxies: kinematics and dynamics,
	galaxies: structure, dark matter},
  primaryclass = {astro-ph.CO}
}

@inproceedings{nair2010rectified,
  title={Rectified linear units improve restricted boltzmann machines},
  author={Nair, Vinod and Hinton, Geoffrey E},
  booktitle={Proceedings of the 27th International Conference on Machine Learning (ICML-10)},
  pages={807--814},
  year={2010}
}

@ARTICLE{negrello2010,
  author = {{Negrello}, M. and {Hopwood}, R. and {De Zotti}, G. and {Cooray},
	A. and {Verma}, A. and {Bock}, J. and {Frayer}, D.~T. and {Gurwell},
	M.~A. and {Omont}, A. and {Neri}, R. and {Dannerbauer}, H. and {Leeuw},
	L.~L. and {Barton}, E. and {Cooke}, J. and {Kim}, S. and {da Cunha},
	E. and {Rodighiero}, G. and {Cox}, P. and {Bonfield}, D.~G. and {Jarvis},
	M.~J. and {Serjeant}, S. and {Ivison}, R.~J. and {Dye}, S. and {Aretxaga},
	I. and {Hughes}, D.~H. and {Ibar}, E. and {Bertoldi}, F. and {Valtchanov},
	I. and {Eales}, S. and {Dunne}, L. and {Driver}, S.~P. and {Auld},
	R. and {Buttiglione}, S. and {Cava}, A. and {Grady}, C.~A. and {Clements},
	D.~L. and {Dariush}, A. and {Fritz}, J. and {Hill}, D. and {Hornbeck},
	J.~B. and {Kelvin}, L. and {Lagache}, G. and {Lopez-Caniego}, M.
	and {Gonzalez-Nuevo}, J. and {Maddox}, S. and {Pascale}, E. and {Pohlen},
	M. and {Rigby}, E.~E. and {Robotham}, A. and {Simpson}, C. and {Smith},
	D.~J.~B. and {Temi}, P. and {Thompson}, M.~A. and {Woodgate}, B.~E.
	and {York}, D.~G. and {Aguirre}, J.~E. and {Beelen}, A. and {Blain},
	A. and {Baker}, A.~J. and {Birkinshaw}, M. and {Blundell}, R. and
	{Bradford}, C.~M. and {Burgarella}, D. and {Danese}, L. and {Dunlop},
	J.~S. and {Fleuren}, S. and {Glenn}, J. and {Harris}, A.~I. and 
    {Kamenetzky},J. and {Lupu}, R.~E. and {Maddalena}, R.~J. and {Madore}, B.~F. 
    and {Maloney}, P.~R. and {Matsuhara}, H. and {Micha{\l}owski}, M.~J.
	and {Murphy}, E.~J. and {Naylor}, B.~J. and {Nguyen}, H. and {Popescu},
	C. and {Rawlings}, S. and {Rigopoulou}, D. and {Scott}, D. and {Scott},
	K.~S. and {Seibert}, M. and {Smail}, I. and {Tuffs}, R.~J. and {Vieira},
	J.~D. and {van der Werf}, P.~P. and {Zmuidzinas}, J.},
  title = {{The Detection of a Population of Submillimeter-Bright, Strongly
	Lensed Galaxies}},
  journal = {Science},
  year = {2010},
  volume = {330},
  pages = {800},
  month = nov,
  adsnote = {Provided by the SAO/NASA Astrophysics Data System},
  adsurl = {http://adsabs.harvard.edu/abs/2010Sci...330..800N},
  archiveprefix = {arXiv},
  doi = {10.1126/science.1193420},
  eprint = {1011.1255},
  primaryclass = {astro-ph.CO}
}

@inproceedings{ng2004feature,
  title={Feature selection, L 1 vs. L 2 regularization, and rotational invariance},
  author={Ng, Andrew Y},
  booktitle={Proceedings of the twenty-first international conference on Machine learning},
  pages={78},
  year={2004},
  organization={ACM}
}

@article{oguri2006image,
  title={The image separation distribution of strong lenses: halo versus subhalo populations},
  author={Oguri, Masamune},
  journal={\mnras},
  volume={367},
  number={3},
  pages={1241--1250},
  year={2006},
  publisher={Oxford University Press}
}

@article{oguri2010gravitationally,
  title={Gravitationally lensed quasars and supernovae in future wide-field optical imaging surveys},
  author={Oguri, Masamune and Marshall, Philip J},
  journal={\mnras},
  volume={405},
  number={4},
  pages={2579--2593},
  year={2010},
  publisher={Oxford University Press}
}

@ARTICLE{Hala2014,
   author = {{H{\'a}la}, P.},
    title = "{Spectral classification using convolutional neural networks}",
  journal = {ArXiv e-prints},
archivePrefix = "arXiv",
   eprint = {1412.8341},
 primaryClass = "cs.CV",
 keywords = {Computer Science - Computer Vision and Pattern Recognition, Astrophysics - Instrumentation and Methods for Astrophysics, Computer Science - Neural and Evolutionary Computing},
     year = 2014,
    month = dec,
   adsurl = {http://adsabs.harvard.edu/abs/2014arXiv1412.8341H},
  adsnote = {Provided by the SAO/NASA Astrophysics Data System}
}

@ARTICLE{pawase2012,
   author = {{Pawase}, R.~S. and {Faure}, C. and {Courbin}, F. and {Kokotanekova}, R. and 
	{Meylan}, G.},
    title = "{A seven square degrees survey for galaxy-scale gravitational lenses with the HST imaging archive}",
  journal = {ArXiv e-prints},
archivePrefix = "arXiv",
   eprint = {1206.3412},
 primaryClass = "astro-ph.CO",
 keywords = {Astrophysics - Cosmology and Extragalactic Astrophysics},
     year = 2012,
    month = jun,
   adsurl = {http://adsabs.harvard.edu/abs/2012arXiv1206.3412P},
  adsnote = {Provided by the SAO/NASA Astrophysics Data System}
}

@ARTICLE{petrillo2017,
   author = {{Petrillo}, C.~E. and {Tortora}, C. and {Chatterjee}, S. and 
	{Vernardos}, G. and {Koopmans}, L.~V.~E. and {Verdoes Kleijn}, G. and 
	{Napolitano}, N.~R. and {Covone}, G. and {Schneider}, P. and 
	{Grado}, A. and {McFarland}, J.},
    title = "{Finding Strong Gravitational Lenses in the Kilo Degree Survey with Convolutional Neural Networks}",
  journal = {ArXiv e-prints},
archivePrefix = "arXiv",
   eprint = {1702.07675},
 keywords = {Astrophysics - Astrophysics of Galaxies},
     year = 2017,
    month = feb,
   adsurl = {http://adsabs.harvard.edu/abs/2017arXiv170207675P},
  adsnote = {Provided by the SAO/NASA Astrophysics Data System}
}

@article{posacki2015stellar,
  title={The stellar initial mass function of early-type galaxies from low to high stellar velocity dispersion: homogeneous analysis of atlas3D and Sloan Lens ACS galaxies},
  author={Posacki, Silvia and Cappellari, Michele and Treu, Tommaso and Pellegrini, Silvia and Ciotti, Luca},
  journal={\mnras},
  volume={446},
  number={1},
  pages={493--509},
  year={2015},
  publisher={Oxford University Press}
}

@ARTICLE{richard2011,
  author = {{Richard}, J. and {Kneib}, J.-P. and {Ebeling}, H. and {Stark}, D.~P.
	and {Egami}, E. and {Fiedler}, A.~K.},
  title = {{Discovery of a possibly old galaxy at z= 6.027, multiply imaged
	by the massive cluster Abell 383}},
  journal = {\mnras},
  year = {2011},
  volume = {414},
  pages = {L31-L35},
  month = jun,
  adsnote = {Provided by the SAO/NASA Astrophysics Data System},
  adsurl = {http://adsabs.harvard.edu/abs/2011MNRAS.414L..31R},
  archiveprefix = {arXiv},
  doi = {10.1111/j.1745-3933.2011.01050.x},
  eprint = {1102.5092},
  keywords = {gravitational lensing: strong, galaxies: high redshift}
}

@ARTICLE{ruff2011,
  author = {{Ruff}, A.~J. and {Gavazzi}, R. and {Marshall}, P.~J. and {Treu},
	T. and {Auger}, M.~W. and {Brault}, F.},
  title = {{The SL2S Galaxy-scale Lens Sample. II. Cosmic Evolution of Dark
	and Luminous Mass in Early-type Galaxies}},
  journal = {\apj},
  year = {2011},
  volume = {727},
  pages = {96},
  month = feb,
  eid = {96},
  adsnote = {Provided by the SAO/NASA Astrophysics Data System},
  adsurl = {http://adsabs.harvard.edu/abs/2011ApJ...727...96R},
  archiveprefix = {arXiv},
  doi = {10.1088/0004-637X/727/2/96},
  eprint = {1008.3167},
  keywords = {dark matter, galaxies: elliptical and lenticular, cD, galaxies: evolution,
	galaxies: fundamental parameters, galaxies: structure, gravitational
	lensing: strong},
  primaryclass = {astro-ph.CO}
}

@article{schmidhuber2015deep,
  title={Deep learning in neural networks: An overview},
  author={Schmidhuber, J{\"u}rgen},
  journal={Neural Networks},
  volume={61},
  pages={85--117},
  year={2015},
  publisher={Elsevier}
}

@ARTICLE{Schlafly_Finkbeiner11,
   author = {{Schlafly}, E.~F. and {Finkbeiner}, D.~P.},
    title = "{Measuring Reddening with Sloan Digital Sky Survey Stellar Spectra and Recalibrating SFD}",
  journal = {\apj},
archivePrefix = "arXiv",
   eprint = {1012.4804},
 primaryClass = "astro-ph.GA",
 keywords = {dust, extinction, Galaxy: stellar content, ISM: clouds},
     year = 2011,
    month = aug,
   volume = 737,
      eid = {103},
    pages = {103},
      doi = {10.1088/0004-637X/737/2/103},
   adsurl = {http://adsabs.harvard.edu/abs/2011ApJ...737..103S},
  adsnote = {Provided by the SAO/NASA Astrophysics Data System}
}

@ARTICLE{SFD98_dust,
   author = {{Schlegel}, D.~J. and {Finkbeiner}, D.~P. and {Davis}, M.},
    title = "{Maps of Dust Infrared Emission for Use in Estimation of Reddening and Cosmic Microwave Background Radiation Foregrounds}",
  journal = {\apj},
   eprint = {astro-ph/9710327},
 keywords = {COSMOLOGY: DIFFUSE RADIATION, COSMOLOGY: COSMIC MICROWAVE BACKGROUND, ISM: DUST, EXTINCTION, INTERPLANETARY MEDIUM, INFRARED: ISM: CONTINUUM, Cosmology: Cosmic Microwave Background, Cosmology: Diffuse Radiation, ISM: Dust, Extinction, Infrared: ISM: Continuum, Interplanetary Medium},
     year = 1998,
    month = jun,
   volume = 500,
    pages = {525-553},
      doi = {10.1086/305772},
   adsurl = {http://adsabs.harvard.edu/abs/1998ApJ...500..525S},
  adsnote = {Provided by the SAO/NASA Astrophysics Data System}
}

@BOOK{schneider1992gravitational,
  title={Gravitational Lenses},
  author={Schneider, P and Ehlers, J and Falco, EE},
  year={1992},
  publisher={Springer-Verlag Berlin Heidelberg New York. Also Astronomy and Astrophysics Library}
}

@ARTICLE{SDSS,
   author = {{Eisenstein}, D.~J. and {Weinberg}, D.~H. and {Agol}, E. and 
	{Aihara}, H. and {Allende Prieto}, C. and {Anderson}, S.~F. and 
	{Arns}, J.~A. and {Aubourg}, {\'E}. and {Bailey}, S. and {Balbinot}, E. and et al.},
    title = "{SDSS-III: Massive Spectroscopic Surveys of the Distant Universe, the Milky Way, and Extra-Solar Planetary Systems}",
  journal = {\aj},
archivePrefix = "arXiv",
   eprint = {1101.1529},
 primaryClass = "astro-ph.IM",
 keywords = {cosmology: observations, Galaxy: evolution, planets and satellites: detection, surveys},
     year = 2011,
    month = sep,
   volume = 142,
      eid = {72},
    pages = {72},
      doi = {10.1088/0004-6256/142/3/72},
   adsurl = {http://adsabs.harvard.edu/abs/2011AJ....142...72E},
  adsnote = {Provided by the SAO/NASA Astrophysics Data System}
}

@ARTICLE{Seidel2007,
   author = {{Seidel}, G. and {Bartelmann}, M.},
    title = "{Arcfinder: an algorithm for the automatic detection of gravitational arcs}",
  journal = {\aap},
   eprint = {astro-ph/0607547},
 keywords = {gravitational lensing, methods: data analysis, techniques: image processing},
     year = 2007,
    month = sep,
   volume = 472,
    pages = {341-352},
      doi = {10.1051/0004-6361:20066097},
   adsurl = {http://adsabs.harvard.edu/abs/2007A%26A...472..341S},
  adsnote = {Provided by the SAO/NASA Astrophysics Data System}
}

@BOOK{Sersic68,
   author = {{Sersic}, J.~L.},
    title = "{Atlas de galaxias australes}",
 keywords = {GALAXIES, GROUPS OF GALAXIES, ATLASES},
booktitle = {Cordoba, Argentina: Observatorio Astronomico, 1968},
     year = 1968,
   adsurl = {http://adsabs.harvard.edu/abs/1968adga.book.....S},
  adsnote = {Provided by the SAO/NASA Astrophysics Data System}
}


@inproceedings{Simard2003,
 author = {Simard, Patrice Y. and Steinkraus, Dave and Platt, John C.},
 title = {Best Practices for Convolutional Neural Networks Applied to Visual Document Analysis},
 booktitle = {Proceedings of the Seventh International Conference on Document Analysis and Recognition - Volume 2},
 series = {ICDAR '03},
 year = {2003},
 isbn = {0-7695-1960-1},
 pages = {958--},
 url = {http://dl.acm.org/citation.cfm?id=938980.939477},
 acmid = {939477},
 publisher = {IEEE Computer Society},
 address = {Washington, DC, USA},
} 

@ARTICLE{Sonnenfeld2011,
  author = {{Sonnenfeld}, A. and {Bertin}, G. and {Lombardi}, M.},
  title = {{Direct measurement of the magnification produced by galaxy clusters
	as gravitational lenses}},
  journal = {\aap},
  year = {2011},
  volume = {532},
  pages = {A37},
  month = aug,
  eid = {A37},
  adsnote = {Provided by the SAO/NASA Astrophysics Data System},
  adsurl = {http://adsabs.harvard.edu/abs/2011A%26A...532A..37S},
  archiveprefix = {arXiv},
  doi = {10.1051/0004-6361/201016309},
  eprint = {1106.1442},
  keywords = {gravitational lensing: weak, galaxies: clusters: general, galaxies:
	fundamental parameters, dark matter},
  primaryclass = {astro-ph.CO}
}

@ARTICLE{Sonnenfeld2013,
   author = {{Sonnenfeld}, A. and {Gavazzi}, R. and {Suyu}, S.~H. and {Treu}, T. and 
	{Marshall}, P.~J.},
    title = "{The SL2S Galaxy-scale Lens Sample. III. Lens Models, Surface Photometry, and Stellar Masses for the Final Sample}",
  journal = {\apj},
archivePrefix = "arXiv",
   eprint = {1307.4764},
 keywords = {galaxies: elliptical and lenticular, cD, gravitational lensing: strong},
     year = 2013,
    month = nov,
   volume = 777,
      eid = {97},
    pages = {97},
      doi = {10.1088/0004-637X/777/2/97},
   adsurl = {http://adsabs.harvard.edu/abs/2013ApJ...777...97S},
  adsnote = {Provided by the SAO/NASA Astrophysics Data System}
}

@article{sonnenfeld2015sl2s,
  title={The SL2S Galaxy-scale Lens Sample. V. Dark Matter Halos and Stellar IMF of Massive Early-type Galaxies Out to Redshift 0.8},
  author={Sonnenfeld, Alessandro and Treu, Tommaso and Marshall, Philip J and Suyu, Sherry H and Gavazzi, Rapha{\"e}l and Auger, Matthew W and Nipoti, Carlo},
  journal={\apj},
  volume={800},
  number={2},
  pages={94},
  year={2015},
  publisher={IOP Publishing}
}

@ARTICLE{suyu2010,
  author = {{Suyu}, S.~H. and {Marshall}, P.~J. and {Auger}, M.~W. and {Hilbert},
	S. and {Blandford}, R.~D. and {Koopmans}, L.~V.~E. and {Fassnacht},
	C.~D. and {Treu}, T.},
  title = {{Dissecting the Gravitational lens B1608+656. II. Precision Measurements
	of the Hubble Constant, Spatial Curvature, and the Dark Energy Equation
	of State}},
  journal = {\apj},
  year = {2010},
  volume = {711},
  pages = {201-221},
  month = mar,
  adsnote = {Provided by the SAO/NASA Astrophysics Data System},
  adsurl = {http://adsabs.harvard.edu/abs/2010ApJ...711..201S},
  archiveprefix = {arXiv},
  doi = {10.1088/0004-637X/711/1/201},
  eprint = {0910.2773},
  keywords = {cosmology: observations, distance scale, galaxies: individual: B1608+656,
	gravitational lensing: strong, methods: data analysis},
  primaryclass = {astro-ph.CO}
}

@ARTICLE{swinbank2009,
  author = {{Swinbank}, A.~M. and {Webb}, T.~M. and {Richard}, J. and {Bower},
	R.~G. and {Ellis}, R.~S. and {Illingworth}, G. and {Jones}, T. and
	{Kriek}, M. and {Smail}, I. and {Stark}, D.~P. and {van Dokkum},
	P.},
  title = {{A spatially resolved map of the kinematics, star formation and stellar
	mass assembly in a star-forming galaxy at z = 4.9}},
  journal = {\mnras},
  year = {2009},
  volume = {400},
  pages = {1121-1131},
  month = dec,
  adsnote = {Provided by the SAO/NASA Astrophysics Data System},
  adsurl = {http://adsabs.harvard.edu/abs/2009MNRAS.400.1121S},
  archiveprefix = {arXiv},
  doi = {10.1111/j.1365-2966.2009.15617.x},
  eprint = {0909.0111},
  keywords = {galaxies: evolution , galaxies: formation , galaxies: high-redshift
	, galaxies: individual: MS1358+62arc},
  primaryclass = {astro-ph.CO}
}

@ARTICLE{theano,
   author = {{Theano Development Team}},
    title = "{Theano: A {Python} framework for fast computation of mathematical expressions}",
  journal = {arXiv e-prints},
   volume = {abs/1605.02688},
 primaryClass = "cs.SC",
 keywords = {Computer Science - Symbolic Computation, Computer Science - Learning, Computer Science - Mathematical Software},
     year = 2016,
    month = may,
      url = {http://arxiv.org/abs/1605.02688},
}

@ARTICLE{Theys1976,
   author = {{Theys}, J.~C. and {Spiegel}, E.~A.},
    title = "{Ring galaxies. I}",
  journal = {\apj},
 keywords = {Astronomical Models, Elliptical Galaxies, Galactic Structure, Ring Galaxies, Spiral Galaxies, Astronomical Spectroscopy, Classifications, Galactic Nuclei, Radial Velocity, Three Dimensional Models, Ubv Spectra, Visual Photometry},
     year = 1976,
    month = sep,
   volume = 208,
    pages = {650-661},
      doi = {10.1086/154646},
   adsurl = {http://adsabs.harvard.edu/abs/1976ApJ...208..650T},
  adsnote = {Provided by the SAO/NASA Astrophysics Data System}
}

@ARTICLE{Tortora+09,
   author = {{Tortora}, C. and {Napolitano}, N.~R. and {Romanowsky}, A.~J. and
    {Capaccioli}, M. and {Covone}, G.},
    title = "{Central mass-to-light ratios and dark matter fractions in early-type galaxies}",
  journal = {\mnras},
archivePrefix = "arXiv",
   eprint = {0901.3781},
 primaryClass = "astro-ph.CO",
 keywords = {galaxies: elliptical and lenticular, cD , galaxies: evolution , galaxies: general , dark matter},
     year = 2009,
    month = jun,
   volume = 396,
    pages = {1132-1150},
    doi = {10.1111/j.1365-2966.2009.14789.x},
   adsurl = {http://adsabs.harvard.edu/abs/2009MNRAS.396.1132T},
  adsnote = {Provided by the SAO/NASA Astrophysics Data System}
}

@article{tortora2010central,
  title={Central Dark Matter Trends in Early-type Galaxies from Strong Lensing, Dynamics, and Stellar Populations},
  author={Tortora, C and Napolitano, NR and Romanowsky, AJ and Jetzer, Ph},
  journal={\apj},
  volume={721},
  number={1},
  pages={L1},
  year={2010},
  publisher={IOP Publishing}
}

@ARTICLE{Tortora+16_compacts_KiDS,
   author = {{Tortora}, C. and {La Barbera}, F. and {Napolitano}, N.~R. and
    {Roy}, N. and {Radovich}, M. and {Cavuoti}, S. and {Brescia}, M. and
    {Longo}, G. and {Getman}, F. and {Capaccioli}, M. and {Grado}, A. and
    {Kuijken}, K.~H. and {de Jong}, J.~T.~A. and {McFarland}, J.~P. and
    {Puddu}, E.},
    title = "{Towards a census of supercompact massive galaxies in the Kilo Degree Survey}",
  journal = {\mnras},
archivePrefix = "arXiv",
   eprint = {1507.00731},
 keywords = {galaxies: elliptical and lenticular, cD, galaxies: evolution, galaxies: general, galaxies: structure},
     year = 2016,
    month = apr,
   volume = 457,
    pages = {2845-2854},
      doi = {10.1093/mnras/stw184},
   adsurl = {http://adsabs.harvard.edu/abs/2016MNRAS.457.2845T},
  adsnote = {Provided by the SAO/NASA Astrophysics Data System}
}

@ARTICLE{Treu2002,
   author = {{Treu}, T. and {Koopmans}, L.~V.~E.},
    title = "{The Internal Structure and Formation of Early-Type Galaxies: The Gravitational Lens System MG 2016+112 at z = 1.004}",
  journal = {\apj},
   eprint = {astro-ph/0202342},
 keywords = {Cosmology: Dark Matter, Galaxies: Elliptical and Lenticular, cD, Galaxies: Formation, Galaxies: Kinematics and Dynamics, Galaxies: Structure, Cosmology: Gravitational Lensing},
     year = 2002,
    month = aug,
   volume = 575,
    pages = {87-94},
      doi = {10.1086/341216},
   adsurl = {http://adsabs.harvard.edu/abs/2002ApJ...575...87T},
  adsnote = {Provided by the SAO/NASA Astrophysics Data System}
}

@ARTICLE{Treu2002MNRAS,
   author = {{Treu}, T. and {Koopmans}, L.~V.~E.},
    title = "{The internal structure of the lens PG1115+080: breaking degeneracies in the value of the Hubble constant}",
  journal = {\mnras},
   eprint = {astro-ph/0210002},
 keywords = {gravitational lensing, galaxies: elliptical and lenticular, cD, galaxies: fundamental parameters, galaxies: kinematics and dynamics, distance scale},
     year = 2002,
    month = dec,
   volume = 337,
    pages = {L6-L10},
      doi = {10.1046/j.1365-8711.2002.06107.x},
   adsurl = {http://adsabs.harvard.edu/abs/2002MNRAS.337L...6T},
  adsnote = {Provided by the SAO/NASA Astrophysics Data System}
}

@ARTICLE{Treu2010,
  author = {{Treu}, T. and {Auger}, M.~W. and {Koopmans}, L.~V.~E. and {Gavazzi},
	R. and {Marshall}, P.~J. and {Bolton}, A.~S.},
  title = {{The Initial Mass Function of Early-Type Galaxies}},
  journal = {\apj},
  year = {2010},
  volume = {709},
  pages = {1195-1202},
  month = feb,
  adsnote = {Provided by the SAO/NASA Astrophysics Data System},
  adsurl = {http://adsabs.harvard.edu/abs/2010ApJ...709.1195T},
  archiveprefix = {arXiv},
  doi = {10.1088/0004-637X/709/2/1195},
  eprint = {0911.3392},
  keywords = {galaxies: elliptical and lenticular, cD, galaxies: evolution, galaxies:
	formation, galaxies: structure}
}

@article{treu2015grism,
  title={The grism lens-amplified survey from space (glass). i. survey overview and first data release},
  author={Treu, T and Schmidt, KB and Brammer, GB and Vulcani, B and Wang, X and Brada{\v{c}}, M and Dijkstra, M and Dressler, A and Fontana, A and Gavazzi, R and others},
  journal={\apj},
  volume={812},
  number={2},
  pages={114},
  year={2015},
  publisher={IOP Publishing}
}

@ARTICLE{Trujillo+07,
   author = {{Trujillo}, I. and {Conselice}, C.~J. and {Bundy}, K. and {Cooper}, M.~C. and 
	{Eisenhardt}, P. and {Ellis}, R.~S.},
    title = "{Strong size evolution of the most massive galaxies since z \~{} 2}",
  journal = {\mnras},
archivePrefix = "arXiv",
   eprint = {0709.0621},
 keywords = {galaxies: elliptical and lenticular, cD, galaxies: evolution, galaxies: formation, galaxies: fundamental parameters, galaxies: high-redshift, galaxies: structure},
     year = 2007,
    month = nov,
   volume = 382,
    pages = {109-120},
      doi = {10.1111/j.1365-2966.2007.12388.x},
   adsurl = {http://adsabs.harvard.edu/abs/2007MNRAS.382..109T},
  adsnote = {Provided by the SAO/NASA Astrophysics Data System}
}

@article{turner1984statistics,
  title={The statistics of gravitational lenses-The distributions of image angular separations and lens redshifts},
  author={Turner, Edwin L and Ostriker, Jeremiah P and Gott III, J Richard},
  journal={\apj},
  volume={284},
  pages={1--22},
  year={1984}
}

@INPROCEEDINGS{Valentijn2007,
   author = {{Valentijn}, E.~A. and {McFarland}, J.~P. and {Snigula}, J. and 
	{Begeman}, K.~G. and {Boxhoorn}, D.~R. and {Rengelink}, R. and 
	{Helmich}, E. and {Heraudeau}, P. and {Verdoes Kleijn}, G. and 
	{Vermeij}, R. and {Vriend}, W.-J. and {Tempelaar}, M.~J. and 
	{Deul}, E. and {Kuijken}, K. and {Capaccioli}, M. and {Silvotti}, R. and 
	{Bender}, R. and {Neeser}, M. and {Saglia}, R. and {Bertin}, E. and 
	{Mellier}, Y.},
    title = "{Astro-WISE: Chaining to the Universe}",
booktitle = {Astronomical Data Analysis Software and Systems XVI},
     year = 2007,
   series = {Astronomical Society of the Pacific Conference Series},
   volume = 376,
   eprint = {astro-ph/0702189},
   editor = {{Shaw}, R.~A. and {Hill}, F. and {Bell}, D.~J.},
    month = oct,
    pages = {491},
   adsurl = {http://adsabs.harvard.edu/abs/2007ASPC..376..491V},
  adsnote = {Provided by the SAO/NASA Astrophysics Data System}
}

@article{van2014scikit,
  title={scikit-image: image processing in Python},
  author={Van der Walt, Stefan and Sch{\"o}nberger, Johannes L and Nunez-Iglesias, Juan and Boulogne, Fran{\c{c}}ois and Warner, Joshua D and Yager, Neil and Gouillart, Emmanuelle and Yu, Tony},
  journal={PeerJ},
  volume={2},
  pages={e453},
  year={2014},
  publisher={PeerJ Inc.}
}

@ARTICLE{Vegetti2009,
   author = {{Vegetti}, S. and {Koopmans}, L.~V.~E.},
    title = "{Statistics of mass substructure from strong gravitational lensing: quantifying the mass fraction and mass function}",
  journal = {\mnras},
archivePrefix = "arXiv",
   eprint = {0903.4752},
 keywords = {gravitational lensing , methods: statistical , galaxies: haloes , galaxies: structure , dark matter},
     year = 2009,
    month = dec,
   volume = 400,
    pages = {1583-1592},
      doi = {10.1111/j.1365-2966.2009.15559.x},
   adsurl = {http://adsabs.harvard.edu/abs/2009MNRAS.400.1583V},
  adsnote = {Provided by the SAO/NASA Astrophysics Data System}
}

@ARTICLE{Verdugo+14_SL2S,
   author = {{Verdugo}, T. and {Motta}, V. and {Fo{\"e}x}, G. and {Forero-Romero}, J.~E. and 
	{Mu{\~n}oz}, R.~P. and {Pello}, R. and {Limousin}, M. and {More}, A. and 
	{Cabanac}, R. and {Soucail}, G. and {Blakeslee}, J.~P. and {Mej{\'{\i}}a-Narv{\'a}ez}, A.~J. and 
	{Magris}, G. and {Fern{\'a}ndez-Trincado}, J.~G.},
    title = "{Characterizing SL2S galaxy groups using the Einstein radius}",
  journal = {\aap},
archivePrefix = "arXiv",
   eprint = {1409.2900},
 keywords = {gravitational lensing: strong, galaxies: groups: general},
     year = 2014,
    month = nov,
   volume = 571,
      eid = {A65},
    pages = {A65},
      doi = {10.1051/0004-6361/201423696},
   adsurl = {http://adsabs.harvard.edu/abs/2014A%26A...571A..65V},
  adsnote = {Provided by the SAO/NASA Astrophysics Data System}
}

@ARTICLE{Wakamatsu1990,
   author = {{Wakamatsu}, K.-I.},
    title = "{On the nature of Hoag-type galaxy NGC 6028 and related objects}",
  journal = {\apj},
 keywords = {Astronomical Photometry, Elliptical Galaxies, Galactic Structure, Peculiar Galaxies, Barred Galaxies, Galactic Mass, Luminosity, Mass Transfer, X Rays},
     year = 1990,
    month = jan,
   volume = 348,
    pages = {448-455},
      doi = {10.1086/168253},
   adsurl = {http://adsabs.harvard.edu/abs/1990ApJ...348..448W},
  adsnote = {Provided by the SAO/NASA Astrophysics Data System}
}

@ARTICLE{Whitmore1990,
   author = {{Whitmore}, B.~C. and {Lucas}, R.~A. and {McElroy}, D.~B. and 
	{Steiman-Cameron}, T.~Y. and {Sackett}, P.~D. and {Olling}, R.~P.
	},
    title = "{New observations and a photographic atlas of polar-ring galaxies}",
  journal = {\aj},
 keywords = {Astronomical Catalogs, Astronomical Photography, Galactic Evolution, Galactic Structure, Ring Galaxies, Astronomical Models, Chaos, Interacting Galaxies, Spiral Galaxies},
     year = 1990,
    month = nov,
   volume = 100,
    pages = {1489-1522},
      doi = {10.1086/115614},
   adsurl = {http://adsabs.harvard.edu/abs/1990AJ....100.1489W},
  adsnote = {Provided by the SAO/NASA Astrophysics Data System}
}